3026 4890
436 427 523 476 urr.
547 427 645 476 urar.
672 429 742 476 orn.
767 416 985 481 xxxiv.12.
1174 418 1261 486 ttae

165 569 214 637 ibi
241 569 379 650 §uriam
403 569 538 635 iaceret.
582 569 774 654 Mirumqne
794 579 855 649 est,
874 572 951 638 ilios
975 577 1087 656 patres
1103 573 1260 640 Socrati⁶

167 673 299 738 cunctis
314 673 357 734 ab
372 671 491 735 eodem
507 671 582 736 Deo
597 671 765 753 sapientia
779 674 919 755 praelato
935 674 1156 757 Pythagoram
1171 691 1259 757 prae„

166 773 295 849 tulisse,
315 779 375 836 ant
406 778 458 836 tot
491 772 569 836 aliis
594 773 713 838 virtute
738 773 963 853 Alcibiadem,
990 779 1047 838 aut
1069 791 1259 860 quenquam

165 879 328 956 utroque·
349 871 581 937 Themistocli.
626 871 861 938 Columnarum
877 874 961 938 ratio
983 881 1065 952 erat,
1078 876 1189 940 attolli
1204 893 1260 942 en-

165 991 226 1055 pra
238 980 368 1038 ceteros
390 972 569 1038 mortales:
592 972 683 1056 quod
697 979 731 1038 et
750 974 1053 1057 arous'significaut
1065 977 1192 1042 novitio
1208 978 1261 1042 in·

165 1079 274 1138 vento.
318 1071 452 1136 Primus
477 1081 585 1138 tamen
608 1071 714 1138 honos
736 1075 840 1158 coepit
862 1093 884 1139 a
908 1074 1053 1141 Grmcis.
1098 1076 1260 1161 Nuliique

165 1175 307 1250 arbitror
323 1174 438 1257 plures
453 1179 580 1240 statuae
594 1174 737 1254 dicatas,
761 1193 860 1258 qnam
885 1175 1047 1242 Phalereo
1070 1176 1260 1243 Demetrio<i

167 1275 318 1340 Athenis.
363 1275 534 1359 Siquidem
551 1283 699 1340 ooonxe
721 1282 882 1354 statuere,
898 1277 1042 1342 ‘nondum
1063 1297 1150 1342 anno
1173 1279 1260 1342 hnno

165 1395 336 1442 nnmerum
358 1375 483 1440 dierum
500 1374 695 1454 excudente,
717 1395 803 1458 quas
825 1395 905 1442 mox
932 1376 1144 1444 {adoravere-f
1183 1377 1259 1443 Sta·

163 1482 316 1542 tuerent·
339 1475 460 1560 Rornae
480 1477 583 1558 etiam
607 1477 643 1539 in
664 1477 821 1542 omnibus
835 1479 920 1560 picis
945 1478 986 1543 C.
1006 1477 1119 1546 Mario
1146 1478 1258 1545 Grati-

197 1645 209 1666 ·
227 1636 334 1702 Utroque
344 1640 423 1689 idm.

622 1733 805 1756 eunoun„

164 1831 241 1894 meda,
255 1845 283 1880 aa
293 1831 419 1896 Salia-2
437 1832 479 1882 ita
499 1847 532 1911 ea
549 1834 626 1885 codd.
644 1833 794 1884 Harduinur
812 1841 839 1884 et
859 1839 969 1885 reeentt.
999 1834 1122 1896 Siquidem
1133 1829 1260 1882 cccix:

661 1979 768 2031 NOTAE

195 2082 207 2107 ⁶
222 2073 331 2136 Sacrati]
348 2075 416 2125 Vide
428 2089 505 2140 :apra
518 2089 567 2126 vu.
578 2080 620 2125 tr.
731 2075 804 2125 velut
814 2074 945 2139 appendix
956 2073 1074 2139 quedam
1091 2078 1119 2124 et
1138 2073 1262 2134 aeeetaio,

195 2149 208 2183 ἆ
224 2151 360 2213 Demetrio]
378 2150 490 2216 rigemur
501 2151 535 2201 tie
545 2167 575 2202 eo
587 2153 612 2200 in
624 2150 693 2201 Arre·
732 2148 765 2198 ab
776 2151 832 2213 ipro
843 2150 902 2199 anni
914 2162 1020 2212 corpore
1032 2146 1132 2210 rejecti,
1142 2161 1191 2195 oen
1202 2159 1261 2210 per·

166 2227 364 2276 tommlndiee.
732 2225 813 2288 egrirri
838 2239 869 2273 ac
894 2221 1029 2288 superflui,
1047 2222 1211 2286 conjectione
1234 2221 1261 2270 ir:

195 2298 346 2364 ‘Siquidm
367 2301 504 2366 eccm]
521 2302 565 2351 Ita
584 2301 650 2365 Reg.
669 2304 694 2351 2.
732 2303 830 2350 calcem
842 2301 953 2350 auctarii
964 2301 1030 2350 ioco.
1056 2297 1261 2361 Adjeeitautem

164 2375 238 2440 colb.
258 2381 284 2426 8.
304 2392 444 2443 omnetqne
462 2379 535 2428 editi.
567 2378 651 2428 Varro
668 2393 693 2427 a·
731 2376 833 2425 Pliniur
853 2377 973 2438 animum,
988 2389 1046 2424 eum
1069 2387 1163 2422 annum
1186 2372 1262 2432 dicit,

164 2451 217 2514 pnd
241 2451 354 2500 Nonium
373 2453 411 2501 rie
431 2453 556 2517 :criptum
573 2441 694 2518 reliquit:
732 2449 765 2499 ad
786 2449 913 2500 datianam
937 2447 1054 2503 formam,
1081 2454 1110 2498 et
1136 2451 1261 2496 mentium

162 2525 234 2576 ‘Hic
248 2525 625 2592 Demetrioaantattotapto'
645 2535 695 2590 eat,
731 2525 951 2580 distributionem,
974 2525 1001 2592 ¹in
1024 2538 1074 2588 qna
1100 2522 1125 2571 tri
1148 2523 1260 2586 quinque

163 2599 234 2652 Quot
252 2601 324 2651 incea
343 2616 424 2650 anno:
445 2603 524 2653 iubet
543 2603 694 2654 abaointnr!
731 2601 786 2650 die:
796 2601 820 2650 iu
831 2616 924 2650 annum
934 2602 1017 2664 iprum
1027 2600 1126 2663 recepti
1137 2607 1207 2656 tunt,
1217 2613 1261 2648 ra·

161 2667 269 2726 'niodum
281 2677 341 2726 anui
354 2677 444 2728 Graeci
459 2677 540 2727 t'oitte
559 2686 613 2727 tnru
631 2685 694 2727 tenr-
732 2677 828 2741 riitque
845 2678 976 2728 mentibu:
995 2675 1176 2739 superiori-¹
1191 2674 1261 2726 Hine

161 2752 232 2816 potia
243 2751 345 2802 dierum
357 2753 485 2804 duntaxat
500 2754 627 2804 cchx.
639 2762 693 2816 turn
731 2765 793 2801 vero
821 2753 990 2815 intelligimur
1017 2753 1043 2800 in
1069 2744 1124 2800 tota
1146 2750 1260 2810 Gracia,

162 2827 445 2892 exhir,rimiiibnrque
461 2829 625 2892 teatinroniia,
640 2838 694 2878 tum
731 2841 812 2891 nuque
835 2828 868 2876 ad
893 2835 1011 2889 tempora
1037 2825 1146 2875 Cetaria
1171 2825 1260 2874 Dicta·

161 2917 195 2974 gx
218 2903 337 2952 Cieobnii
361 2903 510 2966 aenigmate,
533 2902 602 2968 quod
625 2902 693 2966 apud
732 2902 805 2956 toria,
827 2891 908 2951 initae
929 2915 1029 2950 menaea
1049 2897 1162 2962 ninguine
1185 2899 1262 2948 trice·

161 2975 294 3031 Laertam
307 2985 355 3040 aet,
366 2979 450 3040 coiiigi
468 2983 562 3042 putant
580 2977 695 3028 nonnulii
733 2992 793 3027 uum
804 2976 920 3027 dierum:
938 2977 975 3025 ita
990 2983 1019 3025 nt
1030 2989 1112 3024 annua
1124 2989 1173 3022 noo
1185 2988 1260 3024 exce·

162 3061 332 3123 reeteporae.
366 3052 694 3116 Eatenimejutrnodiiaa·
732 3054 808 3102 deret
825 3066 958 3102 numerum
976 3049 1074 3100 dierunt
1088 3049 1217 3100 CCCLX.
1232 3056 1262 3100 ut

163 3127 218 3175 tine
246 3126 396 3178 redditum:
421 3127 563 3176 ‘Bittenor
592 3127 696 3191 genitor
732 3127 832 3177 Plinius
848 3125 944 3176 refert:
964 3127 1043 3176 tertio
1059 3132 1261 3190 antemquoque

162 3209 237 3250 nator
247 3202 326 3252 trahet
338 3217 416 3252 unua:
435 3209 463 3250 at
474 3201 562 3252 horum
574 3202 625 3251 'i'er
634 3208 696 3252 runt
732 3216 798 3252 anno
810 3202 974 3252 embolimum
985 3208 1086 3267 tempnr
1096 3199 1263 3260 conveniant,

162 3277 257 3340 'eoique
274 3277 365 3326 decern
384 3283 463 3338 nater,
475 3277 589 3325 variante
604 3275 695 3342 figura.
732 3279 879 3345 quindecim
902 3277 1023 3328 videlieet
1039 3277 1186 3326 aedecimre
1206 3275 1261 3323 die·

162 3351 269 3416 Quippe
287 3351 343 3400 aliia
364 3353 435 3401 coior
457 3357 498 3400 ert
519 3350 602 3407 albot,
620 3351 695 3414 niger
732 3369 797 3411 rum,
808 3354 1018 3415 intersereretur,
1026 3351 1157 3415 aarum
1165 3350 1262 3412 dream,

162 3426 261 3475 inditur
278 3426 345 3477 iiiia:
364 3427 516 3476 immortale
533 3442 616 3490 genua
636 3441 694 3476 cnm
732 3437 760 3478 ut
773 3429 810 3477 ait
821 3427 950 3477 Herodot.
963 3440 994 3476 ιι.
1008 3429 1033 3476 d.
1045 3427 1094 3476 hoa
1106 3433 1158 3487 eat,
1168 3433 1197 3473 ut
1209 3424 1262 3474 auia

161 3503 223 3564 aiot,
234 3502 376 3551 moriuntur
388 3503 524 3566 utraque!
558 3503 617 3552 Hoc
627 3503 694 3552 enim
733 3500 933 3566 tempestatibus
945 3515 1045 3550 menaea
1057 3497 1261 3564 responderent:

164 3579 275 3642 aapigma
295 3584 348 3627 tam
368 3591 463 3627 aunum
483 3571 576 3628 diebu'a
602 3576 695 3629 confici
731 3577 841 3642 hyberni
852 3578 946 3641 hyemi,
958 3576 1042 3626 reatati
1054 3575 1145 3627 nativi.
1174 3575 1261 3624 lotoe

163 3653 290 3703 trecentis
308 3662 335 3705 et
351 3667 395 3704 na.
407 3668 484 3718 quam
500 3653 614 3718 ainguioa
625 3669 695 3706 man·
732 3657 800 3707 euim
812 3654 946 3720 Egyptian
957 3655 1059 3705 Gracia
1069 3652 1150 3704 t'uiare
1161 3654 1263 3716 rapien-

164 3735 206 3794 tea
218 3728 324 3778 triceni:
336 3731 474 3793 perrpicne
487 3729 627 3796 tiguifleat.
644 3730 695 3780 Ve·
733 3733 811 3783 tiorea
834 3738 924 3782 censet
949 3729 1120 3790 Herodotnrr
1134 3728 1201 3794 quod
1225 3727 1262 3777 iiii

165 3803 223 3852 ium
244 3804 276 3853 ad
299 3818 330 3853 ea
351 3803 515 3855 nihilominor
541 3808 695 3870 scriptorum
733 3823 783 3857 nou
795 3805 941 3872 quindecim
953 3805 1009 3857 dier
1026 3805 1171 3872 adjicerent
1183 3797 1261 3854 tertio
1291 3850 1296 3861 ,

165 3887 282 3927 veterum
302 3879 450 3929 testimonia
472 3882 510 3929 ria
533 3881 694 3943 excipimur:
734 3897 836 3948 quoqne
849 3882 982 3945 anuo‚aed
1000 3883 1073 3933 annia
1090 3883 1195 3945 ringoiia
1207 3881 1263 3930 dier

164 3947 260 4002 annum
268 3952 418 4004 Graecorum
430 3954 556 4017 rjnamodi
569 3953 697 4018 initiarat
733 3957 865 4024 quinque.'
884 3959 930 4010 Ed.
947 3957 1096 4008 aer.-Vide
1114 3957 1208 4006 Petar.
1229 3956 1262 4004 de

164 4025 228 4080 iicet
239 4027 331 4079 diebu:
349 4029 529 4079 absolveretur
545 4030 697 4085 CCCLXV·
733 4035 824 4085 Doctr.
840 4034 933 4098 Temp.
946 4048 965 4083 r.
976 4038 1001 4084 8.
1018 4048 1045 4097 p.
1058 4037 1097 4082 16.
1116 4041 1152 4094 et,
1169 4031 1214 4095 qui
1229 4029 1263 4080 ab

165 4119 224 4152 curn
252 4104 407 4168 quadrante,
429 4105 455 4153 in
478 4119 509 4155 eo
535 4114 622 4156 tamen
648 4109 697 4158 roii
737 4123 768 4160 eo
783 4109 902 4170 diuidet,
917 4108 1059 4158 Samuelem
1072 4107 1189 4157 Peritum
1200 4107 1263 4156 Mit·

168 4179 295 4237 cccix.
314 4181 437 4230 ordinarii
458 4197 488 4231 ae
510 4182 609 4246 proprii
627 4197 697 4234 corn·
738 4185 797 4236 aeti.
811 4198 872 4236 arn.
884 4189 907 4232 1.
918 4200 944 4248 p.
957 4187 1013 4232 191.

167 4255 237 4304 nani
259 4255 361 4318 jndicio
388 4263 575 4320 oruamentum
597 4253 698 4322 reliqui,
770 4255 861 4326 {Qaaa
878 4273 933 4309 arax
950 4258 1091 4322 humma]
1107 4255 1201 4308 Strabo
1218 4255 1264 4304 tib.
