3128 4892
241 346 333 413 4586.
606 361 639 408 c.
663 359 781 408 rnruu
805 360 969 409 snounnr

243 504 402 569 dederet5
447 503 490 566 Et
512 503 639 585 hujus¹¹³
665 505 865 568 auctoritate
894 503 1047 566 effectum
1074 498 1162 564 est³⁶
1187 501 1329 583 Sicyone

242 605 395 686 primum,
418 601 536 666 deiude
556 611 590 666 et
613 605 646 667 in
668 609 736 666 tote
757 602 902 679 Graecia,
926 609 962 666 ut
980 603 1075 684 pueri
1099 603 1228 683 ingenui
1251 611 1333 666 ante

228 703 376 767 oranter
396 703 600 784 graphioen‚⁰
621 704 683 766 troo
706 709 768 779 esi,
783 704 947 785 picturam
962 703 995 764 in
1014 703 1107 766 buxo
1124 703 1332 778 docerentur,

174 846 176 850 .
242 803 508 887 recipereturque
521 805 676 868 arseain
693 805 832 884 primum
849 802 984 883 gradum
995 801 1202 866 liberalium?
1239 802 1331 865 Sem·

243 921 302 984 per
322 903 455 983 quidem
475 903 582 966 honos
602 903 633 966 ei
647 902 723 978 suit,
739 907 776 965 ut
790 903 923 982 ingenui
939 907 1166 977 exercerent,³⁷
1188 920 1268 966 mox
1292 913 1333 966 ut

243 1001 392 1066 honesti:
414 1010 573 1084 perpetuo
587 1001 783 1065 interdictoq
799 1021 841 1064 ne
856 1001 991 1065 servitia
1005 1000 1208 1064 docerentur.
1248 1001 1332 1066 Ideo

243 1120 351 1181 neque
373 1103 405 1164 in
422 1101 497 1178 bac,
512 1120 620 1183 neque
634 1103 667 1166 in
682 1104 859 1179 toreutice,
874 1101 975 1166 ulline
989 1102 1047 1185 qui
1064 1103 1212 1166 servierit
1231 1121 1334 1185 opera

245 1200 463 1265 celebrantur.

287 1299 379 1364 Clari
401 1301 501 1364 etiam
521 1317 612 1365 cvrr.
635 1301 832 1386 Olympiade
854 1303 994 1366 extitere
1017 1301 1143 1366 Echion
1168 1308 1203 1366 et
1217 1301 1336 1366 Theri-

244 1399 420 1462 mncus.³⁸'
477 1401 633 1465 Echionis
663 1409 741 1464 sunt
770 1401 897 1465 nobiles
922 1402 1073 1484 picturae,
1092 1400 1200 1464 Liber
1225 1405 1333 1481 pater,

245 1500 324 1562 itam
347 1489 528 1580 Tragoedia
551 1510 586 1564 et
608 1501 802 1565 Comoedia:
825 1501 1016 1564 Semiramis
1037 1518 1081 1562 ex
1101 1491 1241 1564 ancilia·
1262 1521 1332 1582 reg·

245 1618 326 1663 unm
350 1599 556 1682 adipiscem,
571 1621 654 1666 anus
677 1599 851 1684 lampadae
869 1601 1055 1684 praeferens,
1069 1603 1103 1664 et
1117 1618 1207 1665 nova
1227 1607 1334 1684 nupta

246 1700 446 1764 verecundia
459 1701 626 1766 notabilia.

289 1798 415 1863 Verum
436 1816 550 1865 omnes
569 1802 660 1885 prius
674 1801 801 1883 genitos
816 1799 1013 1883 futurosque
1028 1805 1145 1883 postea
1166 1800 1337 1884 superavit

246 1896 385 1982 Apellea
411 1900 556 1976 Coun,³⁹‘
584 1899 784 1985 Olympiade
807 1917 902 1964 cxrr.
949 1901 1098 1967 Picturoe
1122 1903 1221 1987 plura
1242 1902 1338 1966 eolus

690 2071 876 2100 ’monuo

248 2190 317 2239 bite!
335 2193 482 2243 natea-en
495 2195 538 2244 lte
551 2207 582 2242 ex
595 2192 671 2243 codd.
684 2192 832 2242 Herduinne
843 2200 871 2242 et
883 2201 993 2243 reeentt.
1010 2201 1033 2243 et
1045 2193 1141 2258 Apellea
1152 2199 1176 2242 et
1188 2193 1336 2242 dietmtiirrr

247 2257 271 2304 et'
282 2256 365 2304 dedere
376 2257 490 2306 Gronov.
502 2267 529 2306 et
540 2258 625 2318 vrrigg.
652 2257 790 2306 Melantioi
798 2257 867 2307 Pint.
879 2258 895 2305 Ι.
906 2261 994 2307 creti
1012 2258 1075 2306 Cod.
1089 2259 1180 2305 Deiec.
1190 2258 1285 2316 snctterr
1293 2261 1337 2308 eet.

248 2319 312 2367 Mox
324 2321 348 2366 in
361 2320 462 2382 eodem,
472 2322 569 2381 ingenui
580 2320 658 2368 omniu
673 2320 834 2384 crtigrnpbiu.
867 2320 967 2369 Deinde
981 2335 1026 2384 pro
1036 2322 1172 2384 probiter,
1184 2322 1297 2370 Gronov.
1309 2328 1337 2370 et

249 2382 282 2430 ni.
295 2390 356 2431 ante
370 2383 495 2433 Herduin.
508 2384 749 2446 artigraphum-tr
766 2383 882 2434 Gronov.
900 2392 926 2432 et
938 2385 969 2432 ai.
983 2393 1044 2433 ante
1061 2384 1187 2433 Hnrduiu.
1204 2389 1230 2431 et
1241 2383 1338 2444 tegeret

249 2459 301 2492 euru
321 2449 530 2496 exercerem-ee
547 2447 611 2497 Cod.
630 2447 725 2496 Deiec.
746 2448 837 2496 Eetion
858 2463 886 2495 nc
902 2448 1127 2496 Timeo-29
1150 2448 1194 2496 ite
1211 2462 1245 2495 ex
1262 2447 1338 2495 codd.

249 2507 398 2559 Herduiuur
410 2519 437 2560 et
449 2518 561 2561 recenti.
593 2509 697 2573 Apelleo,
712 2525 810 2573 meoque
828 2510 943 2560 Gronov.
965 2520 992 2561 et
1010 2512 1044 2562 nl.
1061 2519 1125 2560 vett.
1158 2511 1253 2573 Aprum
1265 2511 1338 2570 Cone,

738 2653 848 2705 NOTAE

281 2759 300 2786 Ι·
319 2751 350 2799 Et
362 2749 442 2812 Mur]
459 2751 598 2815 Pamphili.
844 2751 962 2800 'Echion
976 2756 999 2800 et
1020 2748 1181 2811 Tberimocur]
1204 2748 1277 2798 luter
1293 2749 1339 2800 tic·

282 2834 295 2860 ¹
309 2828 374 2876 Ante
383 2827 474 2890 emnia]
498 2827 558 2883 Vel·
569 2825 659 2876 “dem
671 2832 772 2876 tenten-
813 2837 883 2880 toret
894 2829 969 2892 hujus
980 2827 1143 2889 Olympiadis
1160 2827 1285 2889 appellati
1297 2842 1340 2877 eu·

251 2902 297 2963 tie,
309 2915 340 2950 ex
353 2902 417 2950 Mra.
428 2900 545 2950 codicum
557 2901 617 2958 fide,
627 2903 682 2965 ipro
690 2900 773 2952 Piuti·
813 2904 900 2967 perinr
912 2915 1011 2951 xxxiv.
1023 2906 1064 2951 to.

251 2991 301 3026 nno
313 2983 390 3036 terte,
401 2975 478 3023 omnin
488 2981 551 3025 mie.
846 2986 855 3012 ¹
879 2977 1015 3026 Seraimrrin
1041 2991 1072 3024 ex
1098 2975 1197 3038 mura]
1227 2977 1339 3026 Ctesiam

282 3056 293 3081 ⁰
312 3047 458 3111 Gmpbicen]
483 3049 774 3112 SieM8100mne⁸,u⁰n
815 3053 915 3103 Pliniur
932 3059 1062 3102 auctorem
1078 3051 1151 3114 requi
1168 3052 1280 3115 ridetur,
1297 3054 1341 3117 qni

251 3123 426 3186 dicgrupticen.
463 3123 565 3186 Γραφικὴ
576 3138 616 3172 nro
628 3123 774 3174 delinerndi
816 3143 867 3192 qno
884 3134 941 3176 tntu
961 3126 1108 3176 Semiramio
1133 3141 1237 3186 regnum
1263 3129 1340 3191 adep·

251 3207 309 3247 0⁸i³
331 3197 484 3258 Dm‘fdfler.
518 3197 606 3246 Buxur
623 3198 682 3248 oiim
699 3197 731 3246 nd
749 3199 775 3248 id
815 3211 844 3254 ta
856 3204 965 3266 rincum
977 3212 1044 3251 earet
1057 3202 1158 3250 buruitia
1170 3201 1282 3252 fortune
1294 3201 1341 3252 i'oe·

252 3273 335 3322 eiecta
352 3273 520 3336 tumimidum,
538 3279 646 3336 propter
657 3272 776 3323 tererem
816 3279 893 3338 mina,
904 3276 1029 3326 describit
1039 3277 1181 3325 luculenter
1195 3277 1265 3339 optut
1278 3279 1341 3326 Din-

251 3349 379 3410 mnteriae‚
390 3348 514 3412 timetque
522 3347 678 3398 densitatem
690 3364 697 3398 ε
708 3351 775 3414 quod
817 3352 906 3403 dorum
917 3353 969 3402 Sic.
982 3351 1028 3402 tib.
1041 3365 1072 3400 rr.
1084 3352 1154 3400 utut.
1166 3367 1193 3415 p.
1205 3357 1261 3404 107.

251 3423 356 3474 minime
372 3424 483 3473 colorem
502 3423 614 3488 biberet,
630 3437 679 3472 nec
696 3423 777 3474 linem
848 3429 856 3461 ²
878 3428 970 3489 Aperta
993 3427 1067 3490 Cotti]
1091 3424 1231 3490 ‘duellem
1261 3427 1342 3478 fuitne

252 3496 344 3550 fluidae
357 3499 488 3550 redderet.
817 3501 952 3552 cointium
971 3515 1071 3565 qunque
1091 3503 1186 3551 nummi
1205 3509 1345 3566 tententur,

276 3576 464 3639 aureuma]
490 3575 623 3628 Liberrier
648 3581 717 3626 crter
740 3575 778 3625 di·
817 3577 860 3626 ilie
882 3575 996 3640 inprimit
1013 3590 1089 3639 quem
1106 3578 1232 3639 Seguimm
1249 3578 1343 3642 edidit,

253 3661 355 3714 cuntur,
366 3667 424 3716 qun
436 3654 555 3702 coluntur
566 3651 687 3714 iugeniot
706 3649 778 3700 ideo·
817 3665 877 3715 peg-
892 3655 932 3700 18.
949 3651 1068 3703 rectruda
1084 3651 1216 3700 editionir.
1240 3655 1280 3703 Ex
1291 3669 1343 3706 une

254 3743 305 3792 que
315 3728 399 3791 digner
411 3735 470 3776 tunt
481 3728 598 3789 ingenuit
611 3725 761 3776 bominibut.
818 3735 891 3789 perte
903 3725 983 3776 virum
1004 3726 1099 3775 nudum
1118 3726 1233 3791 exbibet,
1248 3728 1343 3778 dextro

285 3811 298 3844 ‘t
317 3803 431 3866 Perpetuo
440 3802 580 3865 interdicto]
602 3802 670 3851 Vide
682 3815 739 3865 quae
751 3801 777 3852 in
818 3801 921 3852 brechio
932 3801 965 3849 ad
976 3801 1043 3849 latur
1056 3797 1167 3850 rederet
1190 3815 1295 3864 puernnr
1310 3803 1344 3854 ti·

252 3879 320 3932 bruc
332 3892 385 3929 rem
397 3877 498 3927 erudite
510 3877 627 3940 congerit
638 3875 779 3927 Gotbotre·
817 3879 900 3927 nirtra
921 3883 1006 3939 gertnt
1025 3875 1135 3926 leonine
1151 3877 1213 3939 petii
1231 3877 1344 3928 insiden-

254 3955 308 4019 dne!
322 3955 350 4006 in
366 3950 431 4003 Cod.
447 3952 546 4002 theod.
562 3965 626 4002 xur.
643 3955 668 4003 ⁴.
685 3952 711 4001 tu
728 3966 779 4016 qua
818 3961 880 4004 tem.
911 3953 989 4002 Vime
1010 3949 1141 4014 nigritiem
1163 3953 1189 4002 in
1210 3966 1243 4002 en
1260 3953 1343 4004 inruit

252 4031 387 4082 Pictorum
404 4027 586 4089 immunitate,
602 4027 625 4075 ri
638 4026 715 4077 orode
726 4028 779 4078 riut
817 4027 936 4078 robnrtm
951 4039 1019 4088 eree,
1034 4026 1104 4076 etad
1117 4025 1342 4078 Hercuieorltbo-

253 4105 368 4170 ingenui,
378 4103 539 4164 otiaretur,
547 4109 711 4156 recenrentnr
719 4117 777 4170 per·
818 4116 861 4154 rer
881 4099 1059 4165 concipiendos
1088 4115 1103 4149 ι
1125 4115 1208 4164 puero
1232 4102 1345 4154 iurtitni.

257 4193 335 4244 quern
347 4185 478 4232 accurate.
819 4177 1101 4246 Eptmrpboznntnrt.
1123 4175 1346 4244 Exniterepnrte
