3128 4892
499 407 587 454 usu.
611 405 710 456 uisu.
736 407 807 455 ura.
832 405 958 456 xxxv.
980 391 1035 456 36.
1224 394 1311 458 unu?

217 548 317 612 sus⁸⁴
339 549 475 626 Persas,
492 547 711 614 Archelaumu
733 569 807 613 cum
824 567 928 613 uxore
944 557 979 613 et
993 548 1074 625 iilia,
1089 547 1310 632 Antigonum¹

218 651 422 716 thoracatum
447 672 523 716 cum
548 671 634 735 equo
657 651 872 715 incedentem.
917 651 1095 715 Peritiores
1120 651 1201 715 artis
1228 671 1313 734 preo-

217 753 324 817 semut
345 753 499 818 omnibus
513 754 594 837 ‘ejus
617 754 774 838 operibus
796 753 939 818 eundem
961 771 1070 833 regem
1093 754 1264 817 sedentem
1280 757 1312 819 iu

216 873 323 936 equo:
348 855 492 920 Dianam
523 855 784 920 sacrificantium
812 855 973 936 virginum
1010 854 1112 918 choro
1147 857 1311 922 mixtam:

216 959 338 1040 quibus
352 958 474 1022 vicisse
499 958 641 1024 Homeri
655 965 793 1023 vorsus·
813 958 941 1022 videtur
962 958 1110 1041 idipsum
1126 959 1313 1023 describen-

216 1062 271 1124 tis.
315 1059 435 1124 Pinxit
457 1067 490 1124 et
504 1080 581 1144 quae
607 1060 699 1142 pingi
722 1079 789 1123 non
813 1067 966 1142 possunt,
990 1061 1146 1136 tonitrua,
1170 1060 1312 1143 fulgura,

216 1159 478 1243 fulgetraquer⁸⁵
502 1161 671 1234 Bronten,²
692 1158 871 1242 Astrapen,
898 1159 1164 1226 Ceraunobolian
1192 1163 1311 1245 appel·

216 1261 297 1325 lant.

259 1361 405 1428 Inventa
432 1364 505 1447 ejus
528 1369 562 1427 et
587 1362 706 1428 ceteris
733 1359 885 1445 p'roiuere
908 1364 942 1427 in
969 1371 1048 1430 arte.
1099 1364 1210 1429 Unum
1237 1366 1312 1430 imi-

217 1463 280 1528 tari
293 1481 391 1528 nemo
407 1465 531 1546 potuit,
545 1465 635 1546 quod
652 1467 808 1530 absoluta
823 1485 926 1547 opera
941 1471 1124 1531 atramento
1138 1467 1288 1534 illinebat
1297 1477 1311 1504 ¹¹

215 1567 266 1631 ita
282 1566 385 1641 tenui,
401 1573 438 1630 ut
451 1566 596 1649 idipsum
621 1586 816 1650 repercussu
833 1568 1002 1632 claritates
1017 1570 1166 1633 colorum
1183 1571 1310 1634 excita·

216 1675 277 1742 ret,
292 1667 543 1751 custodiretque
568 1687 589 1730 a
611 1671 749 1751 pulvere
772 1677 804 1733 et
828 1669 996 1747 sordibus,
1012 1671 1054 1734 ad
1070 1669 1240 1735 mannm⁸⁶
1262 1673 1311 1736 in-

216 1771 322 1834 tuenti
338 1769 470 1834 demum
493 1777 680 1852 appareret.
723 1770 790 1834 Sed
814 1778 849 1834 et
872 1780 941 1834 tum
954 1770 981 1820 ⁸⁷
1003 1773 1128 1836 ratione
1147 1785 1311 1854 magnat'

215 1891 257 1954 ne
272 1871 419 1936 colurum
442 1870 580 1934 claritas
602 1872 773 1936 oculorum
795 1873 901 1937 aciem
925 1873 1112 1950 offenderet,
1127 1874 1231 1938 veluti
1250 1896 1312 1958 per

216 1971 360 2054 lapidem
378 1973 586 2054 specularem
603 1972 807 2036 intuentibus
821 1993 840 2036 e
854 1974 1055 2056 longinquo:
1078 1979 1112 2036 et
1127 1974 1242 2037 eadem
1259 1995 1310 2039 res

215 2074 314 2138 nimis
329 2071 455 2136 doridis
470 2073 643 2138 coloribus
659 2075 887 2138 austeritatem
902 2074 1034 2138 occulte
1049 2074 1152 2138 daret.

259 2173 416 2256 AEqtralis
446 2175 538 2258 ejus*
569 2175 633 2240 snit
665 2174 831 2239 Aristides
860 2175 1051 2239 Thebanus.
1096 2175 1131 2239 Is
1162 2177 1308 2240 omnium

216 2276 369 2359 primus*
391 2278 537 2341 animum
553 2278 676 2360 pinxit,
692 2283 725 2341 et
740 2296 856 2342 sensus
876 2278 1018 2341 hominis
1040 2277 1216 2360 expressit,
1231 2298 1308 2362 qum

248 2457 258 2481 ‘
272 2449 322 2500 Sed
332 2455 355 2499 el
365 2453 431 2501 istud
440 2468 492 2502 cem
501 2453 594 2503 ratim
604 2467 632 2502 oc
642 2449 796 2515 nodoflelnt.

214 2713 355 2761 talea—8⁴
371 2709 432 2761 vet.
449 2711 540 2762 Dalec.
559 2726 589 2760 ex
607 2727 666 2776 equo
681 2716 826 2775 motem
843 2713 1027 2761 aduersae-85
1044 2711 1105 2760 ‘ite
1123 2709 1202 2759 codd.
1221 2711 1307 2774 Regg.

215 2775 289 2824 Vnst.
301 2784 329 2824 et
340 2775 427 2825 Editio
440 2778 568 2839 priucepe.
605 2777 696 2838 Felgrrr
711 2785 751 2826 est
763 2791 821 2825 cum
832 2776 962 2825 emittitur
976 2789 990 2824 e
1003 2775 1086 2836 nnlre;
1104 2777 1249 2836 fulgetrum,
1260 2789 1306 2822 rea

206 2839 310 2898 selueru
321 2855 378 2888 cum
392 2842 467 2904 longo
480 2849 565 2891 tractu
580 2841 613 2889 ad
634 2849 718 2889 terrea
735 2856 816 2904 urqrre
829 2839 973 2903 pertingit!
989 2841 1097 2889 Brotier.
1131 2840 1244 2894 tonitruo.
1257 2839 1308 2898 fel-

213 2909 327 2967 eimau
337 2905 465 2954 Herduin.
475 2910 498 2954 1.
508 2910 535 2954 2.
552 2909 576 2955 8·
586 2905 681 2954 Miller·
693 2906 800 2969 Bipont.
816 2912 843 2955 et
854 2907 944 2981 Frons.
961 2904 1077 2968 tonitruo,
1087 2903 1207 2967 fulgetra,
1222 2902 1308 2963 surige·

214 2968 418 3084 estitit·
431 2967 1307 3084 :lsixtllalttvitt‘sltlfulisslliuitltl‘l:

214 3095 330 3147 Gronov.
339 3106 366 3148 et
378 3098 505 3148 Harduin.
541 3099 590 3164 Sed
600 3104 624 3149 et
634 3114 686 3148 cm
697 3099 755 3148 cod.
767 3098 856 3148 Delec.
869 3097 996 3148 lierduin.
1011 3101 1035 3149 2.
1045 3101 1069 3146 ³.
1088 3097 1183 3148 Miller.
1201 3095 1307 3160 Bipuat.

707 3258 814 3310 ΝΟΜ)

215 3357 246 3406 lie
258 3357 447 3420 superpositum
459 3364 509 3419 ert,
520 3358 597 3420 regie
610 3356 745 3422 dignitatis
784 3365 894 3421 putrem,
906 3354 975 3404 Acie
987 3367 1082 3416 regem.

214 3433 375 3498 symbolum:
402 3433 479 3496 inire,
501 3433 638 3495 spiculum,
657 3433 742 3495 derig-
814 3432 940 3482 'Homeri
960 3430 1052 3494 umus]
1083 3429 1180 3493 Odyrs.
1203 3435 1228 3476 z.
1250 3431 1307 3478 1⁰2.

213 3525 278 3560 nane
290 3510 406 3573 Epirum.
429 3508 591 3572 epigraphe:
607 3514 740 3558 Admit-
780 3511 977 3574 olad'sprrpo
995 3507 1050 3570 dm,
1061 3526 1083 3558 κ.
1095 3526 1119 3557 τ.
1130 3516 1156 3556 λ.
1182 3507 1306 3570 Virgilius

212 3595 292 3640 APO'l'
301 3594 360 3638 'lot'
370 3593 607 3638 anomoeusion.
626 3587 739 3638 Alexan·
779 3589 840 3638 item
853 3586 953 3636 AEneid.
965 3599 986 3635 ι.

212 3669 253 3716 dei
268 3669 402 3730 numisma,
412 3666 455 3731 qui
473 3666 638 3730 Neoptolemi
654 3665 739 3717 filiun-¹
815 3663 958 3726 'Bronten
975 3660 1086 3724 Βροπὴν,
1101 3659 1243 3724 ’emperia
1262 3664 1307 3708 lte-

212 3745 262 3794 Ed.
271 3758 318 3792 rec.
580 3737 589 3750 '
773 3737 942 3803 'parenaetica
960 3739 1003 3789 Sic
1014 3738 1078 3798 Reg.
1089 3741 1113 3786 2.

245 3814 426 3877 arreum]
453 3815 615 3866 Macedonia
638 3829 738 3878 regem:
812 3817 979 3866 'Atrumeato
993 3813 1112 3878 illiniat]
1128 3812 1199 3863 Gelli
1209 3812 1307 3870 dicant.

212 3909 290 3960 quem
301 3895 420 3944 Socrates
431 3893 526 3954 aiebat,
542 3893 623 3942 mines
640 3893 741 3954 urgenti
779 3894 869 3953 emir,
879 3892 1000 3956 appliqeer
1010 3892 1031 3940 le
1041 3889 1129 3938 vernis.

211 3989 256 4025 ιι.
267 3973 294 4022 in
307 3973 407 4022 domum
419 3985 489 4020 errem
499 3969 663 4033 impendisse,
674 3969 739 4018 Zen·
811 3976 823 4001 v
833 3964 1233 4032 AEqeolieeius1llpeliieucilicet.
1250 3965 1307 4014 Mo·

210 4051 273 4100 side
286 4047 444 4098 llerucleota
454 4044 590 4098 conducto.
601 4044 643 4107 qui
656 4045 738 4106 pictu-
780 4043 855 4094 minit
869 4043 993 4092 Aristide
1009 4041 1123 4091 Thebani
1135 4041 1268 4098 Polemon,
1279 4040 1308 4088 li·

214 4127 250 4176 rie
268 4139 323 4173 enm
340 4127 459 4172 ornaret:
479 4121 506 4170 in
522 4135 550 4169 ee
568 4119 652 4183 ipsum
669 4120 740 4169 aluit.
781 4117 828 4168 bro
839 4117 871 4167 de
885 4117 978 4168 tabidis
996 4131 1052 4179 quie
1072 4116 1181 4178 Sicyone
1192 4113 1306 4172 iuuerunt,

212 4201 330 4255 AEliunus
341 4199 402 4247 Ver.
416 4195 485 4246 Hiet·
495 4208 554 4246 xiv.
565 4199 605 4244 lt.
624 4201 625 4208 ’
782 4193 851 4258 apud
865 4193 961 4242 Allien.
971 4192 1016 4241 lib.
1029 4203 1094 4240 xm.
1107 4206 1132 4253 p.
1142 4195 1198 4239 567.

245 4285 256 4316 ⁸
273 4273 428 4338 Antigonum]
444 4271 576 4322 Demetrii
588 4269 740 4322 Poliorcetn
815 4275 830 4304 '¹
847 4267 984 4318 lamium
991 4265 1094 4330 primae]
1111 4263 1212 4318 Arteet
1223 4264 1308 4316 indos·
