3106 4892
273 363 359 430 4758
637 381 669 427 o.
694 379 813 426 rnrnn
837 379 1001 428 sncnuor

273 526 380 592 lorum
405 523 572 588 ulceribus
596 543 671 588 cunr
696 522 799 601 lacte,
813 543 881 606 quo
903 541 1006 606 supra
1026 524 1150 588 dictum
1170 527 1222 588 est
1242 519 1370 596 modo,‘¹

274 632 388 692 contro
415 631 540 690 veteres
564 625 830 708 lacrymationes.
885 625 1032 690 Prodest
1059 635 1093 690 et
1123 633 1257 692 contru‘
1288 625 1372 688 vina

274 726 439 795 stomachi
459 733 576 810 potuer
599 723 812 808 vertigiues¹f
832 727 946 793 sedat:
968 735 1097 790 mentes
1113 734 1299 790 commotos
1319 745 1371 790 re-

273 830 391 894 stituit.
428 827 575 906 Quidum
587 837 619 892 et
635 828 758 892 morbis
772 828 995 892 comitialibus
1012 828 1136 892 utiliter
1148 826 1222 893 duri
1236 835 1370 910 putant,

273 930 364 996 eled
380 932 482 994 urium
499 929 723 994 difficultates.
767 928 1009 1012 Acopisetium
1027 930 1193 994 miscetur.
1239 929 1371 994 Probu-

275 1039 327 1098 tur
355 1032 541 1112 gravitates
567 1036 599 1094 et
625 1032 781 1096 candore.
835 1028 993 1094 Vulvus¹¹
1015 1039 1049 1094 et
1074 1037 1188 1112 pertus
1211 1033 1371 1098 contineri

274 1134 457 1214 adalligato
472 1151 514 1196 eo
531 1133 675 1198 tradunt.

318 1251 401 1300 xut.
422 1233 556 1300 Arabus
579 1232 687 1318 inpie,i
709 1235 801 1299 ebori
821 1235 952 1311 similis,
968 1233 1166 1300 dentifriciis
1181 1252 1371 1300 accommo-

274 1337 371 1402 dutur
391 1341 567 1401 crematus.
611 1335 774 1401 Privatim
795 1335 1055 1402 baemorrlroidns
1071 1341 1169 1400 sanat
1184 1355 1260 1402 cum
1274 1336 1368 1402 luun-

274 1436 365 1522 ginej
382 1439 567 1516 linteomm,
584 1438 730 1506 linteolis
745 1439 884 1520 iusuper
899 1438 1080 1519 impositis.

319 1556 415 1603 xnn.
438 1541 516 1605 Non
532 1538 813 1622 praetermittenda
827 1545 879 1603 est
894 1544 927 1602 et
942 1541 1109 1622 pumicum
1126 1547 1253 1605 nutum.
1298 1539 1369 1624 Ap·

274 1642 441 1724 pelluntur
455 1642 588 1726 quidem
604 1643 651 1708 itu
666 1651 699 1706 et
713 1661 809 1706 emsa
824 1660 921 1718 saxa,
937 1641 970 1704 in
985 1639 1237 1726 enitensque
1252 1660 1369 1707 musea

274 1741 420 1820 voluerut,k
433 1743 665 1827 dependentia,
678 1742 721 1808 ud
735 1743 910 1826 imaginem
926 1761 1050 1825 specus
1064 1751 1133 1808 arte
1147 1742 1367 1808 reddendum:

275 1845 332 1910 sed
349 1852 381 1909 et
397 1847 420 1909 ii
435 1847 597 1930 pumices
612 1845 760 1928 quisunt
775 1845 808 1908 in
825 1863 886 1907 usu
901 1840 1092 1926 corpornm¹
1110 1844 1367 1926 laevigundorum

732 2021 907 2045 contuente

309 2155 375 2206 Cur.
386 2169 430 2208 ss.
465 2161 475 2205 1
495 2155 560 2206 cod.
572 2155 662 2206 Dslee.
673 2156 822 2219 vertiginem.

770 2301 876 2352 NO'l'AE

306 2415 319 2450 ‘¹
337 2417 389 2472 Quo
399 2430 470 2480 supro
487 2416 630 2466 dictumest
647 2416 725 2480 morlo]
744 2416 801 2468 Hoc
839 2415 972 2479 Ἀραβικόν.
988 2417 1104 2466 Isidorus
1116 2417 1178 2468 item
1189 2421 1281 2466 svnt.
1302 2415 1366 2466 Ars·

275 2491 802 2548 seucumluctemuliebrisutidesebis·
840 2491 899 2540 burn
924 2507 970 2555 pro
993 2492 1107 2542 Arabico
1132 2493 1231 2557 antiqui
1260 2493 1364 2542 dixero:

274 2578 303 2621 to
316 2571 432 2634 proxime
443 2569 541 2620 dietum
557 2575 608 2633 est,
627 2583 650 2618 c.
661 2571 703 2618 ⁸7.
719 2568 801 2618 Ῥω·
840 2566 951 2617 Ovidius
970 2568 995 2618 in
1019 2569 1102 2632 Epist.
1123 2569 1250 2632 Sapphus,
1271 2582 1308 2618 vs.
1325 2571 1364 2616 tu

274 2649 331 2702 licit
350 2651 482 2702 oculorum
499 2651 655 2715 lscryrnlsiu
668 2651 802 2700 luctemu·
839 2645 846 2670 ‘
867 2643 927 2692 Non
950 2642 1038 2693 Artbo
1061 2650 1150 2695 notter
1177 2657 1234 2693 toro
1258 2642 1365 2705 capillus

274 2725 368 2776 liebri:
839 2718 925 2768 olet:'
958 2719 1006 2768 boc
1032 2727 1082 2776 est,
1113 2719 1217 2783 myrrbs
1244 2718 1371 2768 Arabius„

306 2809 317 2835 ²
334 2802 576 2866 Prodeststoostro]
594 2805 683 2854 Diosc.
695 2804 744 2854 loo.
755 2803 801 2852 cit.
840 2797 905 2848 truie
924 2811 1001 2860 porro
1020 2795 1053 2846 de
1074 2796 1171 2846 visibus
1183 2795 1264 2848 Arshi
1275 2795 1366 2860 lapion

307 2877 316 2912 t
329 2879 477 2944 Vestigium]
490 2879 659 2930 Dioscorides
670 2881 726 2929 haee
740 2893 801 2942 psu-
840 2873 984 2938 produntur
997 2889 1011 2924 s
1024 2875 1117 2932 Plinio,
1134 2877 1190 2926 lraec
1208 2875 1293 2926 serbis
1310 2875 1366 2926 fers

274 2955 300 3004 lo
318 2954 462 3011 obscurius,
482 2955 590 3004 loccis·
606 2969 664 3004 cum
683 2955 719 3004 sit
737 2953 802 3004 bsno
841 2948 951 3000 totidem
971 2951 1057 3000 Diosc.
1075 2952 1125 3001 loc.
1142 2952 1187 3001 cit.
1221 2951 1272 3004 Qui
1291 2966 1366 3015 porro

275 3031 360 3078 inesse
380 3028 429 3077 viru
447 3027 534 3078 Samio
553 3029 643 3092 lepidi,
659 3037 688 3078 ut
708 3028 802 3076 insrrn·
840 3028 874 3076 sit
885 3027 1095 3088 lupisilrsblcun
1106 3043 1156 3080 uon
1167 3029 1229 3078 sstis
1240 3036 1349 3078 constat.

274 3113 362 3154 ments
373 3118 494 3154 sensuum
504 3104 621 3167 adjuret,
630 3113 657 3154 st
669 3104 700 3153 sb
709 3103 803 3167 injuris
871 3101 879 3146 l
898 3103 958 3153 curs
970 3104 1096 3168 lossgs’se]
1118 3105 1177 3157 Hoc
1196 3115 1246 3162 est,
1259 3114 1288 3154 ut
1304 3104 1364 3152 slibi

275 3180 400 3231 uindicet.
838 3180 916 3242 dixit,
925 3197 982 3230 enm
994 3183 1105 3234 linteolis
1114 3183 1271 3246 concerptis.
1291 3183 1366 3232 Cisr-

307 3255 458 3308 sProbotur
479 3255 609 3316 moun,
628 3253 684 3318 nc]
711 3254 801 3306 Diosc.
838 3258 885 3319 pte.

275 3335 324 3384 loo.
334 3333 381 3384 cit.
397 3330 507 3398 Διαφέρει
521 3331 547 3382 st
563 3333 577 3380 t
592 3331 685 3388 nensis,
699 3331 738 3381 ssi
752 3347 803 3380 ori·
872 3332 884 3366 ¹
902 3333 964 3389 Quo
979 3346 1059 3382 russeo
1074 3333 1170 3397 comt]
1192 3336 1306 3396 Μουσεῖα,
1317 3334 1364 3386 boc

275 3408 355 3473 βαρύς.
840 3414 891 3471 est,
919 3409 1048 3458 diuersorio
1073 3410 1225 3462 mditorsrus.
1267 3411 1366 3460 Plinius

308 3486 320 3520 '¹
340 3485 439 3551 Vulnus]
457 3485 547 3537 Dioso.
567 3485 616 3538 loc·
627 3485 671 3538 cit.
695 3484 802 3536 nonsibi
839 3483 1106 3548 tantummono.
1126 3487 1171 3535 ⁴0
1186 3489 1272 3536 murel
1289 3501 1304 3537 o
1324 3485 1366 3534 lit·

276 3562 314 3612 καὶ
325 3561 450 3612 mouns
460 3560 519 3612 siros
534 3563 573 3613 nol
582 3562 742 3628 conmunione
756 3565 804 3621 sris
841 3568 882 3610 tus
893 3563 898 3609 l
911 3575 1050 3626 rerumque
1060 3565 1366 3627 secretumqnspoooslov,

276 3641 454 3700 συνειληφυιῦν,
465 3639 654 3704 superstitem.
688 3641 802 3690 Creditur
840 3651 915 3702 quum
931 3637 1011 3688 mults
1030 3637 1164 3688 lrirenitis!
1190 3653 1266 3703 quom
1286 3640 1365 3688 mults

275 3715 696 3780 umutignsosmcetemrsportm.
715 3721 802 3768 eleos-
840 3713 982 3766 dicistisl’
1028 3713 1106 3765 Aliud
1127 3717 1203 3779 longe
1226 3724 1275 3777 est,
1297 3715 1364 3780 quod

274 3796 354 3855 septus
362 3789 517 3850 feninorum
526 3793 652 3842 molire.
840 3791 983 3842 Monoleum
1001 3805 1067 3854 opus
1085 3793 1365 3856 appertinentium

306 3866 314 3900 ¹
324 3867 420 3917 Arolos
428 3866 502 3930 lupis]
512 3867 556 3917 Sic
565 3868 629 3918 tto.
639 3881 736 3929 ornnes,
748 3876 801 3918 turn
839 3883 886 3918 nos
899 3866 960 3916 slibi
970 3865 1066 3918 distrui
1077 3881 1163 3919 sumus
1173 3883 1179 3916 :
1196 3869 1245 3918 etsi
1255 3869 1364 3930 plscuis·

274 3943 492 4001 hocloco,turnln
502 3943 601 3994 Indice.
617 3943 739 3994 Arabium
749 3945 802 3994 (is-
838 3959 868 3996 ss
878 3944 954 3995 slites
966 3943 1083 4006 intelligo
1095 3943 1154 3992 viris
1165 3944 1286 3994 eruditis.

274 4021 348 4070 lenus
359 4030 434 4071 vocnt
444 4021 476 4072 de
489 4022 550 4072 Fsc.
561 4021 643 4083 simp.
653 4023 724 4072 ltled.
735 4023 752 4071 l.
761 4034 801 4072 rx.
872 4017 879 4052 ¹
897 4019 927 4070 lrs
941 4033 984 4068 sss
999 4017 1132 4082 corporum]
1148 4019 1322 4068 Pullulsntem
1339 4020 1365 4070 in

274 4097 402 4159 p.25⁷.‘0
410 4117 439 4160 γε
447 4099 606 4162 μὴνἈράβως
615 4097 757 4160 καλούμενος
766 4097 801 4148 nl·
839 4097 991 4160 corporibus
1022 4095 1186 4159 pubertatem
1218 4094 1365 4158 pumicibus

274 4173 736 4240 tos‚tunbslulpms,tppomrissol
746 4176 803 4240 lim·
840 4173 993 4226 studebunt·
1023 4171 1291 4222 lllsrtlslisxrr.ttt⁵.
1308 4171 1365 4220 ‘Sit

272 4250 340 4311 τικῆε
355 4251 407 4300 ἐστι
422 4250 544 4314 δυνάμεως.
578 4253 668 4302 Diosc.
694 4267 719 4301 r.
743 4257 799 4302 tlt.
839 4247 1366 4312 nobisaetstspusr‚nonpumice.lesiss'
