3058 4888
275 373 363 440 ⁴826
635 389 669 438 c.
692 385 811 439 rotun
835 387 998 440 succum

275 549 388 598 areum
401 535 580 596 moventur.
624 531 692 597 Sed
719 533 783 596 lros
801 531 947 597 minoren
969 532 1072 596 multo
1092 530 1264 614 Scythicis
1289 551 1365 596 esee

274 632 418 698 tradunt.
460 631 609 696 Tertium
633 632 764 701 locum·
783 632 941 715 AEgyptii-
964 633 1106 709 habent,
1123 633 1183 714 qui
1209 639 1368 697 eruuntur

276 734 367 798 circa
379 731 510 815 Copton
526 731 690 814 oppidum
705 731 885 796 Thebaidis
900 734 934 796 in
949 732 1104 809 collibus,
1119 750 1165 796 ox
1186 734 1369 797 cautinum

278 831 425 916 Reliqua
436 833 574 914 genera⁸
589 833 623 894 in
637 831 780 896 metallis
795 833 924 897 aeranie
936 833 1159 896 inveniuntur.
1183 830 1368 915 Quaprop-

278 941 328 998 ter
350 934 573 1016 principatum
590 951 635 995 ex
650 932 693 996 iis
707 932 821 1016 Cyprii
839 933 1009 997 obtinent:
1033 933 1164 1015 duaque
1181 951 1294 996 eorum
1315 938 1370 996 est

278 1027 342 1098 nec
356 1033 389 1098 iu
403 1031 517 1098 colore
532 1027 670 1115 liquido,
683 1049 745 1098 neo
759 1031 881 1110 diluto,
891 1051 1005 1098 vemm
1020 1052 1065 1096 ex
1086 1033 1368 1115 humido-pingui,

278 1151 411 1216 qunque
434 1131 655 1214 perspicitur³
677 1133 829 1199 imitante
852 1133 1093 1197 translucidum
1109 1133 1255 1198 marier⁶
1275 1133 1370 1215 puri-

277 1238 417 1314 torque¹¹
439 1232 691 1296 translucentem
716 1231 862 1296 colorem
883 1233 1036 1315 expellit,
1062 1239 1096 1298 ot
1115 1235 1224 1299 aciem
1240 1234 1370 1298 renutu

279 1329 402 1396 Ferunt
416 1332 450 1394 in
464 1349 507 1395 aa
519 1331 629 1396 insule
643 1333 769 1396 tumulo
784 1333 888 1414 reguli
905 1332 1085 1411 Hermiae:
1094 1334 1194 1417 juxta
1209 1330 1369 1408 cetu‘rias,

278 1449 461 1498 marmoreo
475 1432 565 1496 leoni
575 1431 682 1496 luisse
697 1433 823 1498 inditos
839 1433 956 1498 oeulos
977 1453 1022 1498 ex
1037 1434 1234 1516 smaragdis,
1252 1434 1299 1498 ita
1315 1453 1371 1498 ru·

278 1533 449 1599 mantibm
460 1531 561 1595 etiam
588 1535 630 1595 in·
643 1533 813 1614 gurgitem,
829 1541 868 1596 ut
887 1536 991 1598 territi
1016 1535 1215 1618 refugerent⁸
1238 1534 1369 1617 thynni,

279 1633 339 1698 diu
372 1632 565 1696 mirantibus
588 1634 767 1696 novitatem
795 1633 1035 1716 piscatoribus,
1064 1635 1169 1699 donec
1198 1643 1381 1724 mutavere

280 1733 388 1797 oculis
403 1750 563 1813 gemmas.
602 1759 605 1764 ·

325 1847 439 1896 xvru.
461 1831 528 1896 Sed
544 1839 579 1912 ot
594 1830 678 1896 vitiu
690 1831 910 1898 demonstrari
924 1838 1057 1915 oportet
1083 1833 1117 1896 in
1134 1840 1202 1896 tam
1226 1833 1371 1916 proclivi

279 1939 399 2000 erratu.
445 1932 529 1997 Snut
547 1930 704 2015 qnidam¹
727 1934 874 1998 omnium
902 1932 1030 1997 cadem.
1074 1931 1238 2010 Qoaedam
1258 1940 1370 1998 tumen

279 2033 450 2098 nationum
465 2031 661 2116 peculiaria,
677 2031 764 2099 sicut
778 2033 812 2097 in
834 2032 978 2096 homine.
1033 2031 1121 2114 Ergo
1136 2031 1254 2116 Cyprii
1277 2036 1370 2108 varie

237 2153 240 2158 ¹
280 2134 399 2217 glauci,
412 2133 584 2215 magisque
604 2151 644 2196 ac
670 2134 779 2199 minus
795 2134 827 2198 in
841 2135 960 2199 eodem
977 2132 1153 2216 smaragdo
1174 2135 1250 2198 aliis
1266 2135 1370 2220 parti·

279 2235 344 2299 bue
375 2240 520 2297 tenorem
550 2232 643 2296 illum
670 2233 841 2317 Scythicae
868 2235 1118 2299 austeritatis²⁸
1148 2254 1213 2300 non
1239 2255 1371 2319 semper

281 2331 486 2398 custodiunt.
532 2331 585 2395 Ab
599 2333 664 2397 hoc
679 2333 877 2415 quibusdam
892 2335 1079 2397 intercurrit
1091 2336 1218 2411 umbra,
1234 2337 1370 2400 surdus-

282 2444 369 2516 que·
381 2431 419 2494 lit
432 2431 540 2509 colos,
557 2433 613 2516 qui
628 2434 839 2515 improbatur,
849 2435 949 2499 etiam
966 2434 1123 2499 dilutior.3
1147 2435 1237 2498 Hinc
1253 2456 1369 2518 genera

278 2573 284 2644 [
303 2553 324 2607 Ι·
342 2555 473 2642 Heieeyue.

281 2767 342 2818 etld.
362 2769 450 2820 llulec.
469 2778 495 2819 et
516 2771 680 2820 Gronou-l
702 2769 771 2820 Codl'
784 2771 877 2820 Deleo.
895 2769 1059 2827 exenuttur
1083 2771 1197 2820 Gronov.
1214 2778 1241 2818 et
1260 2772 1292 2820 al.
1309 2779 1369 2820 eote

281 2827 411 2884 llurduin.
426 2838 449 2883 et
460 2835 622 2885 mutilen-u
639 2835 682 2884 lta
693 2834 768 2884 could.
783 2833 947 2896 urgueret.
958 2845 985 2882 et
999 2834 1087 2884 Dulce.
1110 2849 1199 2896 quoque
1213 2837 1370 2897 perspicietur

282 2897 397 2948 Gronov.
410 2897 537 2948 Herduin.
550 2907 577 2948 et
589 2903 750 2949 recente-ti
767 2901 774 2926 ¹
790 2898 831 2947 lta
843 2899 907 2946 bene
924 2898 998 2946 codd.
1012 2897 1099 2961 Rrgg'
1116 2897 1222 2947 Brotier.
1255 2897 1297 2948 lta
1309 2915 1370 2962 quo·

281 2975 332 3024 que
344 2961 401 3010 rod.
412 2962 500 3011 Dulce.
527 2977 593 3010 more
603 2965 719 3013 Gronov.
732 2964 766 3011 al.
778 2968 842 3022 vett.
853 2961 980 3010 lietduin.
996 2963 1018 3009 l.
1034 2965 1059 3011 ll.
1073 2965 1097 3010 3.
1115 2969 1140 3008 et
1151 2965 1310 3011 recente-l
1329 2963 1370 3012 lte

282 3021 380 3072 Fauen.
393 3039 450 3073 eum
463 3023 523 3075 eeld.
535 3025 664 3076 harduin.
678 3030 701 3074 1.
712 3029 737 3074 Β.
749 3028 772 3075 1.
791 3034 818 3073 et
836 3031 947 3073 recentt.
974 3025 1107 3086 pariterque
1125 3026 1252 3074 trruelreet
1264 3031 1288 3074 et
1302 3026 1371 3086 nitet,

282 3085 325 3134 tue
343 3093 389 3146 ert,
406 3089 503 3137 colorem
520 3091 625 3152 expellit,
643 3093 667 3137 et
684 3088 758 3137 acient
774 3088 859 3150 recipit
875 3087 988 3137 Gronov.
1003 3097 1030 3136 et
1045 3089 1178 3150 uulgg.-8
1196 3087 1238 3137 lta
1249 3103 1282 3138 ex
1294 3087 1369 3140 codd.

281 3148 431 3214 lietduinus
444 3161 470 3200 et
483 3159 593 3202 recente.
618 3157 644 3200 ut
654 3153 736 3201 territi
747 3153 903 3200 innumera
913 3152 1047 3213 refugerent
1056 3152 1169 3201 Gronov.
1180 3159 1207 3201 et
1219 3153 1306 3216 ralgg.

315 3213 382 3262 Cur.
396 3226 479 3262 utter-
514 3219 527 3264 l
548 3216 607 3265 i'et.
626 3216 716 3264 Dulce.
733 3220 831 3278 eportet
864 3215 927 3264 Sunt
943 3217 1051 3278 quidemr
1066 3217 1124 3264 cod.
1139 3215 1226 3264 Deler-
1242 3221 1331 3279 eportet
1344 3217 1370 3266 ι’»

281 3281 302 3326 l.
317 3291 342 3339 p.
351 3281 442 3326 *meru
468 3279 573 3339 Reperio
582 3283 638 3328 ruat
649 3279 798 3341 quidem-2
811 3279 854 3327 ltu
865 3278 941 3327 codd.
954 3279 1080 3328 llarcuini
1090 3287 1118 3329 et
1129 3280 1228 3344 Foxen.
1240 3294 1299 3329 com
1310 3279 1370 3336 edel,

283 3340 443 3391 lietduini.
455 3343 514 3392 Μ.
533 3351 561 3392 et
580 3350 689 3392 reeeuu.
712 3342 862 3406 quetoritotir
878 3341 993 3392 Gronov.
1008 3351 1037 3408 et
1055 3344 1187 3407 volae-8
1204 3343 1268 3393 Cod.
1278 3345 1370 3400 Doleo.

756 3473 758 3478 “
773 3487 882 3539 norm

282 3598 422 3650 flentibur:
441 3606 502 3650 tunc
513 3600 581 3650 enim
592 3600 695 3650 detecto
705 3599 759 3650 rolo
770 3598 808 3649 iu·
825 3617 827 3623 ·
882 3600 1064 3664 'ParumqaeJ
1090 3598 1170 3664 Eque
1190 3607 1270 3665 atque
1291 3615 1372 3663 marey

283 3675 378 3726 cllllutc
390 3675 560 3725 internitente
578 3691 635 3725 narn
645 3677 741 3726 Etenim
752 3678 809 3740 plu·
848 3673 1371 3736 coloremernittlttranilucentem,eclem·

284 3751 610 3800 rimamarenarmorent!
642 3751 758 3802 lrlelorur
775 3752 807 3800 ei·
848 3763 899 3814 que
917 3749 1008 3799 reiicit.
1039 3748 1082 3798 Sic
1106 3749 1170 3798 lter.
1189 3763 1292 3798 orauere
1312 3755 1370 3814 typi

283 3825 387 3882 mlliter,
408 3827 459 3875 loc.
475 3825 522 3876 cit.
546 3827 665 3877 ‘Tellure
682 3827 809 3892 deoperta
848 3824 1005 3889 interpolati,
1033 3825 1167 3887 perituqre
1186 3825 1321 3875 -trearlecet
1346 3831 1372 3876 et

284 3897 468 3950 intermicant!
494 3899 622 3964 ¹l'lreoplrr.
634 3905 684 3953 loc.
696 3905 741 3954 cit.
751 3901 810 3952 rire
847 3901 918 3959 nitet,
928 3901 970 3949 troc
984 3903 1029 3954 ert,
1039 3899 1138 3948 curren
1148 3901 1254 3963 repellit,
1265 3907 1289 3950 rt
1298 3901 1373 3952 rue·

281 3977 329 4039 γὰρ
340 3977 450 4039 incurrit
459 3973 577 4036 γίνονται.
847 3979 941 4042 recipit.

317 4061 327 4086 ⁸
344 4053 450 4118 Tettio·
460 4049 792 4115 monumentoque.
880 4061 892 4087 v
908 4052 1029 4117 liureio]
1046 4053 1089 4102 De
1099 4050 1144 4101 lllo
1153 4049 1262 4102 euleu:
1279 4054 1373 4114 ‘epuler

316 4126 553 4190 ‘Reltqrogetrerfl
569 4119 670 4178 Soliunr
687 4125 808 4178 etleitlo·
848 4130 993 4192 criniger,
1005 4145 1027 4178 rr.
1037 4145 1060 4176 r.
1068 4135 1094 4177 t.
1368 4155 1372 4168 ι

285 4214 340 4264 ror,
352 4201 414 4251 lucin
426 4201 520 4252 eitatlr.
881 4211 893 4238 ⁸
908 4203 1195 4268 Seytiieeourtrritrtie]
1208 4203 1306 4268 Deque
1316 4205 1374 4256 ate.
