3058 4888
408 373 499 423 nnn.
523 373 619 424 uror.
645 372 902 427 urnanxvrr.
923 359 976 424 52.
1158 361 1244 430 4861

155 513 241 592 nias,
256 531 341 597 quas
364 513 451 578 nitro
472 519 506 578 et
520 521 618 579 aceto
633 535 691 598 per
705 514 833 598 aliquot
847 515 920 580 dies
935 525 1119 584 maceratas
1133 522 1246 586 conci·

154 635 234 698 pere
255 616 383 681 stellam
407 635 491 685 eam,
505 635 580 698 quae
597 621 675 697 post
689 616 828 680 totidem
843 635 977 682 menses
991 618 1244 702 relanguescere

156 716 301 781 Sotacus
323 722 355 779 et
377 717 441 780 elia
462 717 530 781 duo
546 736 666 798 genere
679 717 763 780 fecit
776 720 952 796 cerauniae,
967 720 1067 802 oigrae
1082 721 1246 786 rubentis·

156 837 233 900 quo,
249 837 288 880 ac
302 817 429 882 similes
444 837 501 882 eas
517 838 593 882 esse
609 819 797 883 securibus:
819 819 873 897 iis,
887 827 985 903 quee²
1002 822 1104 904 oigroe
1121 829 1199 888 sunt
1212 830 1247 887 et

156 918 321 996 rotundae,
335 920 435 983 nrbes
459 921 642 1002 expugnari
664 926 699 984 et
721 921 860 998 classes,
881 941 1006 1006 easque
1030 924 1164 991 botulos
1188 943 1244 990 vo·

157 1019 246 1083 cari:
270 1039 347 1102 quse
371 1039 450 1086 vero
472 1021 578 1104 loogae
603 1027 687 1098 sunt,
702 1023 886 1088 ceraunios.
931 1021 1070 1088 Faciunt
1090 1030 1125 1089 et
1145 1025 1246 1094 aliam

156 1137 263 1185 raram
287 1121 476 1198 admodum,
490 1133 524 1186 et
549 1123 742 1188 Parthorum
765 1125 869 1205 magis
891 1125 1074 1208 quaesitarn,
1089 1126 1245 1208 quoniam

155 1241 220 1288 oon
236 1223 359 1286 aliubir
374 1223 569 1300 invenietur,
584 1243 683 1306 quem
699 1225 733 1288 in
747 1225 825 1288 loco
837 1232 847 1270 ³
860 1225 996 1290 fulmina
1010 1225 1092 1290 icto.

203 1338 269 1386 arr.
291 1322 483 1388 Proximum
506 1325 689 1390 cerauniae·
711 1345 829 1390 nornen
850 1325 940 1410 apud
962 1345 1021 1391 eos
1042 1327 1152 1404 babet,
1170 1345 1245 1409 quae

157 1423 346 1506 appellatur
370 1423 438 1487 iris.
484 1423 645 1488 Effoditor
663 1425 697 1488 in
716 1425 863 1507 qondam
878 1426 991 1490 insule
1005 1425 1111 1490 Rubri
1133 1425 1246 1503 marie,

156 1541 232 1606 quae
255 1520 357 1586 distat
378 1542 399 1586 a
423 1523 583 1588 Berenice
605 1525 685 1588 urbe
706 1526 880 1607 sexaginta
900 1525 1006 1591 millia
1026 1544 1117 1610 pass.
1136 1533 1247 1592 cetera

156 1624 209 1686 soi
220 1631 314 1707 parte
329 1624 514 1707 crystallus.
554 1625 678 1708 ltaque
693 1626 829 1708 quidam
844 1627 989 1692 radicem
1005 1625 1156 1710 crystalli
1171 1646 1246 1692 esse

157 1723 320 1790 dixerunt.
372 1723 524 1788 Vocatur
546 1743 590 1788 ex
611 1727 821 1806 argumento⁸
845 1727 914 1791 iris.
960 1726 1050 1791 Nam
1074 1727 1137 1790 sub
1158 1734 1247 1792 tecto

156 1845 315 1908 percussa
337 1826 415 1891 Sole
439 1825 568 1909 species
591 1835 625 1891 et
647 1828 776 1892 colores
799 1846 897 1892 arcus
918 1828 1065 1892 coelestls
1084 1828 1119 1891 io
1135 1829 1247 1910 proxi·

157 1945 231 1990 mos
250 1928 393 2011 parietes
412 1928 614 2012 eiaculatur,¹
631 1929 771 1992 subinde
786 1935 931 2005 mutans,
946 1946 1130 2011 magnaque
1146 1929 1248 1992 varie-

157 2035 229 2092 tate
243 2027 495 2092 admirationem
510 2029 564 2092 sui
580 2047 712 2110 augens.
756 2029 979 2110 sexangulam
999 2047 1087 2104 esse,
1103 2037 1141 2092 ut
1155 2046 1247 2112 crys-

157 2128 285 2206 tallum,
315 2133 454 2193 constat.
509 2128 575 2191 Sed
603 2147 680 2192 esse
708 2128 841 2211 aliquas
868 2128 995 2192 scabris
1022 2127 1185 2192 lateribus
1213 2137 1249 2191 et

158 2228 288 2310 angulis
302 2227 522 2311 inaequalibus
538 2227 662 2304 dicunt,
678 2229 712 2292 in
728 2228 806 2292 Sole
818 2233 934 2312 aperto
949 2229 1112 2312 projectas
1135 2225 1248 2292 radios

157 2328 193 2392 in
219 2347 256 2394 se
281 2330 436 2394 cadentes
461 2328 648 2396 discutere:
680 2329 813 2412 aliquas
836 2349 914 2396 vero
939 2335 1016 2394 ente
1041 2347 1077 2394 se
1100 2328 1247 2414 projecto

616 2507 797 2530 ‘memte

191 2625 259 2677 cia.
271 2639 307 2676 u.
341 2629 353 2675 1
373 2623 454 2675 codd.
467 2623 556 2674 Delec.
569 2633 595 2674 et
606 2624 706 2674 Fauen.
722 2627 825 2687 stellerae,
834 2639 928 2688 euinque
941 2630 994 2686 poet
1014 2625 1084 2674 totid.
1100 2637 1161 2672 nee.
1171 2625 1249 2672 reue·

157 2705 276 2754 gueeeere.
310 2690 381 2744 bion,
398 2691 445 2738 utin
455 2689 504 2748 eiua
515 2689 657 2750 duogeeeru
667 2689 725 2738 cod.
738 2691 878 2738 Dulce-ll
895 2687 936 2736 lte
952 2703 985 2736 ex
1003 2687 1078 2737 codd.
1098 2687 1249 2736 Herdoinne

159 2765 185 2804 et
199 2761 308 2803 recenti.
334 2755 416 2816 nigrae
433 2753 584 2815 celestesque
595 2783 601 2798 ·
613 2786 619 2800 .
633 2753 763 2816 .perillue,
778 2768 830 2816 qua
846 2751 906 2800 edd.
919 2759 983 2801 vett.
995 2759 1022 2800 er
1033 2751 1146 2801 Gronov.
1171 2752 1249 2810 nigra

159 2819 325 2880 rubentisque.
336 2853 343 2866 .
355 2852 363 2866 .
373 2815 405 2865 iie
416 2831 467 2878 quae
483 2817 560 2876 aigro
570 2821 625 2864 erret
635 2822 658 2865 et
669 2822 704 2866 tot
716 2817 784 2865 arbee
799 2831 842 2878 per
856 2817 910 2864 illue
920 2829 973 2878 exp.
991 2814 1048 2864 cod.
1059 2813 1149 2863 Delec.
1171 2815 1248 2874 eigroe

159 2882 308 2945 rubentum
320 2912 342 2930 ..
352 2880 485 2930 ·eeeuribue
501 2881 533 2928 lie
552 2895 603 2942 qua
621 2880 749 2940 nigrantur
762 2881 820 2935 ritu,
837 2880 949 2928 rotuedue
964 2879 1032 2928 arbee
1045 2878 1140 2942 peruia
1155 2891 1208 2938 exp.
1225 2881 1249 2925 et

159 2947 252 3001 elaeeee.
262 2959 343 3008 mque
354 2945 399 2993 bet.
411 2958 448 2992 ue.
482 2944 542 3000 Qua
553 2957 633 2992 emm
644 2945 690 2994 lore.
699 2951 753 2993 eurrt
767 2945 862 3000 Germ,
872 2944 913 3005 le.
924 2943 1069 2993 Fauen-⁸
1077 2941 1143 2993 cod.
1156 2940 1250 2990 Delec.

159 3025 207 3060 reae
216 3010 275 3060 ulibl
285 3010 334 3060 ieo.
343 3023 413 3071 quaer
423 3009 481 3056 leee.

657 3117 762 3169 NOTAE

193 3229 490 3293 emmanuel]
508 3228 621 3279 leldorue
633 3230 683 3280 loe.
727 3241 790 3278 verr.
809 3243 868 3291 pag.
889 3233 947 3278 2⁶6.
963 3228 1006 3278 ubi
1027 3225 1209 3278 describuntur
1224 3227 1252 3288 il,

161 3309 208 3360 cit.
235 3308 391 3360 bierbodene
408 3306 442 3356 de
461 3305 552 3368 Lepid.
572 3305 645 3354 Prot.
662 3319 685 3354 e.
726 3303 1102 3368 quordelepeoeeinutrueoee
1118 3303 1251 3363 Maio‚en·

161 3391 203 3438 2².
221 3387 381 3436 ‘Ventorum
399 3383 470 3433 rabie
489 3395 547 3430 curn
569 3380 686 3430 turbidae
726 3393 760 3428 no
781 3391 926 3428 nocuere.
959 3378 1110 3427 Cerauulenr
1128 3389 1205 3424 uuum
1224 3376 1250 3423 iu

162 3469 257 3511 metuet
275 3461 329 3520 alie,
348 3459 413 3509 Cum
430 3464 504 3508 tonet
523 3456 686 3517 borreudour,
727 3454 917 3502 Mueeouoerro
928 3451 1067 3501 Periclenei
1078 3462 1218 3499 servemus.

161 3551 221 3586 curn
233 3535 353 3586 fulminet
363 3535 454 3597 igneus
466 3534 558 3592 arbee,
571 3530 686 3581 Nubibus
757 3537 767 3562 ⁸
784 3529 925 3577 Procirrruer
939 3525 1066 3587 cucula]
1083 3523 1210 3576 Quoniam
1223 3531 1253 3573 ot

161 3610 235 3661 itlieie
246 3611 313 3661 cralo
323 3608 394 3659 eedlt
414 3609 462 3658 irre
481 3607 590 3670 lepilloe,
608 3606 688 3668 Cojne
728 3599 863 3652 uiolariue
881 3599 1012 3662 ceraunia,
1024 3597 1062 3647 eie
1078 3596 1113 3646 eb
1125 3609 1189 3672 eren
1199 3609 1251 3646 era·

162 3684 232 3748 epod
248 3685 356 3735 Grecos
373 3689 448 3734 exter
467 3682 500 3731 de
518 3679 626 3730 iolmlne
643 3693 687 3729 ao·
728 3676 843 3727 lentileio
861 3687 953 3725 nomeu
965 3673 1062 3724 hebete
1091 3678 1200 3736 noeque
1217 3686 1251 3721 ex
1328 3725 1331 3732 Ι

162 3773 240 3809 roeo:
258 3758 315 3807 lllle
323 3757 421 3821 quippe
431 3755 495 3806 locie
511 3767 574 3818 quoe
585 3757 689 3802 constet
728 3750 895 3801 similitudine
904 3750 942 3799 rei
951 3747 1060 3812 alicujue
1072 3747 1098 3797 lu
1110 3747 1169 3796 eiire
1181 3747 1251 3811 genl-

162 3833 271 3884 l'olnrlue
282 3839 366 3883 tector
385 3831 439 3882 lete
456 3830 521 3894 lepis
537 3837 636 3880 tanturn
649 3843 687 3878 re·
728 3834 772 3878 te.

164 3905 469 3974 periripoeueputetur!
502 3905 542 3954 De
559 3904 688 3968 lapidibus
760 3901 935 3951 ⁸l⁷eeotureu
951 3895 1101 3961 organale]
1126 3893 1186 3944 Hoc
1202 3901 1253 3956 err,

162 3983 352 4047 annulinqol
368 3981 402 4030 de
417 3979 617 4032 eoelodeeidera
633 3993 688 4028 cre·
728 3976 877 4038 exrelpu.
910 3967 1252 4022 HectorideurverbleSo·
1359 4033 1363 4038 Ι

163 4061 271 4122 duntur,
286 4057 346 4107 vlde
366 4057 440 4120 olore
458 4054 527 4118 epod
545 4054 688 4114 scriptores
729 4051 794 4100 liuor
806 4064 863 4113 cup.
875 4052 917 4099 ⁸2.
934 4062 993 4111 pag.
1009 4050 1050 4095 ds.
1067 4053 1094 4093 et
1109 4047 1150 4092 bt.
1170 4042 1252 4094 laido-

162 4138 388 4188 biircellaueorrrm
401 4133 574 4190 curiosorum,
589 4129 643 4177 eive
657 4129 689 4176 E·
730 4140 773 4176 rue
785 4139 845 4174 xer.
858 4129 897 4176 lt.
908 4131 935 4174 et
949 4121 1104 4172 blerbodeue
1114 4132 1171 4182 cup.
1183 4123 1224 4170 to.

164 4210 341 4277 pbemeriduur
367 4208 590 4262 Germanicarum.
621 4219 688 4254 enno
