3106 4892
297 357 383 426 4818
662 375 697 423 o.
720 371 841 422 rursu
865 371 1027 422 sucurror

299 523 467 604 gentoqoe
481 515 646 595 mixtum,⁸
660 516 694 580 in
707 515 837 581 omtatis
849 533 903 580 ars
917 521 949 579 et
961 514 1103 596 ingenia.
1139 512 1384 578 Murrbiuornm

298 627 332 686 et
354 619 616 704 crystallinorum
631 616 780 680 diximus
795 615 950 698 gratiam:
975 615 1126 689 uniones,
1140 612 1230 696 quod
1254 609 1386 696 capite¹

298 719 578 794 circumferuntur,
600 735 736 798 gemm
760 715 892 798 digitis:
914 716 950 779 iu
973 716 1125 782 omnibus
1144 714 1286 797 denique
1308 713 1388 778 aliis

298 821 388 884 vitiis
412 819 589 884 ostentatio
615 823 675 880 aut
699 835 780 880 usus
806 815 937 899 placet:
962 815 997 878 in
1021 815 1168 880 succinis
1191 813 1388 884 deliciarum

299 924 425 985 tantm
448 918 678 995 conscientia.¹
701 915 874 980 Domitius
890 915 1014 980 Nero*
1035 916 1070 979 in
1089 913 1208 980 ceteris
1221 913 1300 980 vitan
1313 933 1387 980 sum

299 1020 465 1102 portantis
488 1017 632 1101 capillos
653 1034 790 1100 quoque
815 1015 966 1098 conjugis
990 1035 1062 1080 soce
1086 1014 1246 1099 Poppmae
1268 1015 1302 1079 in
1321 1015 1389 1080 boc

299 1137 419 1184 nomen
444 1118 674 1201 adoptaverat,
694 1115 840 1199 quodam
861 1115 961 1180 otiam
986 1116 1130 1180 carmine
1151 1118 1305 1182 succinos
1327 1133 1389 1199 ap-

298 1217 480 1302 pellando.⁹
524 1217 569 1283 Et
590 1217 745 1301 quoniam
769 1216 874 1280 nullis
897 1217 988 1282 vitiis
1008 1215 1131 1283 desout
1155 1217 1305 1300 pretiosa
1325 1235 1390 1280 uo·

298 1320 401 1396 ruina,
428 1319 675 1384 exenterans
703 1316 839 1400 quidam
864 1315 920 1381 bic
949 1316 1067 1381 colos*
1090 1317 1198 1400 ooepit
1224 1318 1337 1400 expeti
1366 1335 1391 1380 a

298 1421 472 1486 matronis.
525 1417 620 1482 Usus
646 1424 757 1482 tamen
781 1417 989 1480 succinorum
1014 1416 1177 1482 invonitur
1202 1417 1326 1500 aliquis
1352 1417 1390 1480 in

299 1520 483 1584 medicina:
510 1520 572 1582 sed
595 1536 662 1581 oon
684 1517 729 1580 ob
754 1515 820 1580 hoc
842 1514 987 1580 foeminis
1012 1515 1155 1598 placent.
1200 1516 1391 1582 [ulantibus

300 1618 474 1701 adalligari
500 1618 633 1682 amuleti
661 1617 786 1681 ratione
812 1617 961 1698 prodest
1019 1615 1230 1681 Callistratus
1258 1621 1292 1681 et
1319 1620 1389 1683 cui·

300 1737 442 1801 oumquo
479 1718 568 1782 aetati
604 1721 719 1782 contra
753 1716 995 1798 lymphationes
1027 1717 1182 1800 prodesse
1216 1717 1328 1794 tradit,
1356 1724 1391 1781 et

300 1818 406 1883 urinas
429 1817 679 1883 difficultatibus
698 1823 824 1900 potum,
840 1815 1135 1899 adalligatumque.
1178 1816 1249 1881 Hic
1269 1825 1304 1882 at
1324 1817 1390 1882 dii·

299 1917 470 1985 iereutiam
492 1935 611 1982 novam
632 1917 746 1982 attulit
764 1916 968 2001 appellando
991 1917 1272 1999 chryselectmm,⁰
1290 1919 1393 2002 quael

295 2017 426 2084 ‘coloris
441 2019 546 2096 aurei,
561 2025 596 2082 et
609 2019 769 2083 matutino
785 2017 964 2100 gratissimi
984 2024 1188 2100 aspectus,'⁰
1207 2020 1392 2102 rapacissi-

300 2135 389 2182 mum
403 2120 536 2202 ignium,
552 2128 587 2184 ct
601 2119 631 2184 si
640 2119 742 2202 juxta
755 2117 888 2196 luerim,
904 2119 1071 2183 celerrime
1085 2117 1272 2182 ardescens.
1312 2119 1392 2184 Hoc

301 2217 392 2286 eollo
407 2219 622 2300 adalligatum
636 2217 762 2284 mederi
776 2219 921 2284 febribus
935 2225 968 2284 et
982 2219 1155 2284 morbis=¹¹
1179 2221 1288 2284 tritum
1315 2239 1391 2284 curn

299 2317 397 2382 mella
420 2337 461 2382 ac
483 2337 632 2396 rosaceo,
655 2320 780 2383 antium
804 2319 912 2383 vitiis:
944 2325 977 2382 et
999 2321 1028 2384 si
1051 2339 1127 2384 cnm
1153 2319 1249 2384 melle
1276 2317 1392 2384 Attico

299 2423 497 2494 conteratur,
523 2419 694 2484 oculorum
720 2403 852 2502 quoque
878 2421 1176 2486 obsecundasse
1219 2419 1393 2484 Stomacbi

301 2519 427 2582 etiam?
451 2519 539 2584 uitiis
563 2519 617 2584 vel
638 2537 698 2602 por
717 2539 753 2584 se
766 2521 877 2585 'fauna
897 2521 974 2604 ejus
996 2525 1114 2597 sumta,
1133 2521 1186 2585 vel
1208 2539 1286 2585 enm
1304 2539 1392 2584 mas·

300 2618 389 2683 tiobe
418 2638 462 2684 ex
487 2638 575 2702 aqua
599 2627 693 2702 pota.
737 2618 884 2686 Succiua
907 2621 1008 2685 etiam
1036 2621 1186 2702 gemmis,
1213 2639 1287 2703 quae
1314 2628 1393 2684 suut

299 2718 528 2796 translucidas,
541 2717 765 2784 adulterandis
790 2739 943 2803 magnum
966 2721 1089 2785 babent
1109 2721 1232 2797 locum,
1247 2722 1393 2784 maxime

300 2817 508 2902 amethystis,
523 2837 598 2883 cnm
613 2819 715 2896 omni,
731 2826 769 2883 ut
783 2818 953 2896 diximus,i
967 2819 1080 2884 colore
1094 2820 1291 2902 tinguantur.

300 3051 394 3104 gaspar.
427 3043 528 3092 durius
537 3045 586 3093 cleo
596 3044 696 3094 addita'
713 3045 878 3097 Bronten-8
894 3046 938 3096 lta
948 3045 1024 3095 codd.
1036 3044 1162 3094 llrrdului
1180 3049 1209 3094 et
1230 3045 1320 3096 Doleo.
1331 3055 1391 3095 eun

299 3103 361 3152 edd.
374 3105 502 3155 aaronis.
516 3111 605 3158 aad.
617 3115 645 3157 et
655 3115 768 3159 maenti.
797 3111 867 3162 mco
878 3109 993 3160 Gronov.
1010 3117 1037 3158 rt
1053 3110 1087 3158 al.
1106 3111 1219 3158 selaeu
1235 3109 1299 3158 ‘lta
1314 3109 1393 3158 eodd.
1516 3137 1517 3144 κ

300 3165 384 3230 Βσις.
401 3175 428 3216 et
440 3169 528 3218 Editio
544 3172 683 3235 princepa'
697 3172 805 3223 Μὴν.
839 3173 957 3224 συκίνη
966 3174 1102 3236 mpetum
1111 3173 1173 3222 Vct.
1184 3172 1274 3225 oum.
1297 3172 1393 3227 nean

265 3239 268 3248 ·
358 3231 435 3280 tiendo
447 3233 604 3283 tironensi.
616 3243 682 3284 rett-
692 3234 819 3286 Hardnlu.
832 3241 855 3286 1.
867 3241 893 3286 2.
905 3239 931 3287 ³.
947 3243 976 3286 et
986 3240 1164 3286 recanat—1⁰
1181 3235 1225 3284 lta
1234 3235 1311 3287 codd.
1324 3235 1394 3286 Har·
1515 3237 1516 3245 ³

319 3293 371 3342 uini
391 3301 419 3342 et
438 3291 529 3344 Doleo.
546 3309 605 3346 eum
624 3297 685 3347 edd.
702 3298 830 3348 Hardnio.
844 3303 934 3351 Lat.
946 3307 973 3350 et
985 3306 1094 3350 reeeott.
1120 3299 1284 3362 gratissimam
1296 3303 1393 3362 meets
1514 3327 1515 3346 r

299 3353 362 3408 Vct.
374 3355 467 3408 Dulce.
481 3359 618 3420 trudeim
628 3366 723 3424 aspecta
732 3361 845 3412 Gronov.
855 3369 883 3411 et
893 3363 926 3414 al.
938 3367 1066 3413 reta-lt
1075 3363 1136 3412 Vct.
1145 3363 1235 3413 Dulce.
1243 3361 1360 3419 sancitu
1367 3367 1392 3411 et
1513 3423 1514 3446 Χ

299 3422 350 3471 eris
360 3421 447 3472 curbis
453 3437 463 3482 ,·
479 3423 522 3472 aiil
535 3431 600 3475 vett.
610 3425 720 3484 sardan
730 3429 754 3476 et
764 3429 814 3476 orte
823 3425 984 3478 mnu-m
1000 3426 1065 3477 cod.
1077 3425 1168 3476 Doleo.
1180 3425 1330 3476 mimi.

791 3551 902 3614 NOTAE}

299 3643 487 3708 pronuntiarit,
510 3645 559 3697 boc
580 3653 631 3712 est,
653 3647 723 3698 tadu
745 3647 827 3700 refer·
897 3655 909 3683 ⁰
927 3645 1129 3714 threbetm]
1144 3645 1211 3697 ldae
1227 3645 1320 3697 lisdem
1335 3649 1392 3700 tere

302 3721 365 3766 teus·
688 3739 691 3748 ·
865 3721 951 3772 verbis
969 3721 1129 3772 ldarbudeus
1150 3721 1184 3772 de
1204 3721 1296 3786 Lapld.
1316 3723 1392 3776 Prae.

335 3788 342 3824 ¹
358 3789 527 3853 Μαρία]
543 3791 664 3846 Auribus.
864 3811 889 3848 e.
900 3801 940 3848 ll·
1247 3821 1250 3828 ’

333 3873 352 3900 ·
368 3865 488 3916 Mlier
503 3867 581 3932 Nm]
596 3869 671 3921 Vide·
680 3870 823 3922 Auctorem
895 3881 910 3915 r
925 3872 1047 3923 Stmcli
1056 3871 1141 3934 ella]
1150 3871 1182 3923 ld
1192 3873 1392 3938 gucquedssae

300 3939 429 3991 iudicem.
614 3971 617 3978 ι
706 3967 708 3974 ·
866 3947 963 3998 alecus
983 3947 1151 4013 πιμφφόρφ
1171 3949 1341 4001 Dioscorides
1358 3963 1391 4002 rr.

311 4023 345 4048 ²¹
363 4016 687 4084 l'erttasqsidoaltiecoloa]
704 4021 826 4072 Postsn·
866 4025 924 4072 lat).

301 4101 357 4138 rum
370 4097 398 4139 at
410 4092 533 4155 colonen
546 4107 603 4158 qua
622 4095 826 4158 paritermatrc·
896 4097 1087 4163 medicinas]
1103 4097 1302 4167 Hoelpsoesp.
1356 4125 1361 4132 ·

303 4175 344 4214 ιι
357 4173 468 4228 gestant.
492 4209 495 4214 .
655 4194 658 4200 ·
