3026 4890
423 363 630 416 aaurusr.
652 363 726 413 arn.
750 363 895 414 xxxiv.
916 351 969 416 19.
1153 357 1241 422 4475

148 504 367 589 praesmtavit
378 502 602 583 Alcibiadem,
627 505 849 590 lampadequa
863 525 1005 574 acosma
1018 513 1155 576 matrem
1168 510 1238 594 ejus

150 607 355 672 Demaraten
366 602 677 672 ⁸⁷‘sacriticantem
1105 671 1109 678 ¹
1142 659 1144 666 ,

194 706 371 772 Tisicratis
384 706 493 787 bigao¹
509 706 628 771 Piston
640 706 667 746 ⁸⁸
681 706 851 773 mulierem
866 708 1035 792 imposuit.
1080 710 1241 795 Idemque

150 807 231 872 fecit
247 807 390 873 Martem
405 813 438 872 et
454 807 666 885 Mercurium,
682 807 835 890 quisunt
850 808 884 872 in
904 807 1101 876 Concordiae
1116 812 1241 894 templo

60 955 66 970 .
151 907 285 972 Romae.
315 904 499 972 Petiliumh
514 927 609 972 nemo
620 907 736 972 laudat
749 909 922 982 suaviorem
938 909 1117 976 Phalaride
1131 917 1241 993 tyran·

150 1028 205 1086 no,
232 1009 325 1074 cui⁸⁹
347 1018 478 1072 taurum
502 1007 595 1086 iacit,
620 1007 936 1089 mugitushominis
961 1010 1131 1093 pollicitus
1162 1011 1238 1093 igno

152 1110 305 1188 subdito,
319 1116 352 1176 et
365 1112 494 1194 primus
515 1129 592 1174 eum
607 1115 768 1192 expertos
783 1109 966 1175 cruciatum
983 1110 1127 1193 justiore
1142 1113 1241 1176 sacvi-

151 1213 211 1276 tia.
256 1210 296 1275 Iu
311 1210 377 1275 hoc
392 1230 414 1276 a
433 1209 622 1276 simulacris
637 1210 749 1274 Deum
769 1209 1006 1295 hominumque
1020 1211 1240 1278 devocaverat

153 1311 426 1379 humanissimam
441 1316 554 1375 artem
597 1307 721 1374 Ideona
736 1316 786 1375 tot
801 1309 988 1375 conditores
1003 1311 1078 1395 ejus
1091 1314 1243 1378 elabora·

153 1419 278 1490 verant,
289 1418 326 1477 nt
337 1430 381 1476 ax
394 1431 435 1476 ea
449 1416 610 1476 tormenta
622 1410 755 1474 licrentt
787 1410 907 1493 Itaque
921 1431 985 1476 noa
998 1412 1041 1476 de
1055 1431 1159 1478 causa
1172 1431 1242 1477 ser·

156 1517 273 1578 uantur
287 1531 388 1595 opera
401 1511 487 1595 ejus,
502 1517 538 1576 ut
552 1511 706 1594 quisquis
718 1510 778 1576 illa
791 1511 914 1589 videat,
933 1511 1043 1576 oderit
1057 1531 1190 1578 manus,

196 1609 351 1676 Stheuis¹
366 1611 530 1689 Ceteram,
544 1610 677 1687 Iovem,
692 1609 876 1676 Minervam
891 1611 982 1691 fecit,
997 1614 1055 1696 qui
1071 1621 1148 1678 sont
1169 1613 1243 1679 Ro·

154 1731 219 1779 maa
233 1713 268 1778 io
284 1711 480 1779 Concordia
495 1712 629 1794 templo.
672 1710 764 1775 idem
778 1711 893 1776 flentes
907 1721 1088 1791 matronas,
1104 1720 1142 1784 ,et
1161 1713 1242 1778 ado·

155 1820 277 1891 rantes,
290 1812 594 1893 sacrificantesque.
636 1809 751 1875 Simon
773 1809 905 1876 canaml
920 1818 955 1878 at
973 1814 1179 1894 sagittarium
1193 1815 1240 1878 ie-

156 1915 214 1980 cit.
271 1914 477 1980 Stratonicus
516 1911 656 1977 caelator
693 1905 769 1974 illel
805 1910 1041 1994 philosophos:
1077 1913 1244 1996 Scopas⁹⁰

156 2013 320 2100 utraque.¹

198 2117 354 2183 Athletas
380 2121 504 2191 autem,
527 2119 564 2176 ot
585 2115 741 2186 armatos,
755 2115 787 2175 et
806 2115 989 2189 venatores,
1005 2113 1243 2178 sacrificantes·

157 2237 233 2303 qne,
259 2217 418 2294 Batton,¹¹²
443 2213 578 2291 Euchir,
606 2209 804 2288 Glaucides,
833 2210 1051 2289 Heliodorus,
1079 2213 1243 2292 Hicanns,

610 2388 788 2412 *cumcun

156 2517 190 2562 tat
202 2511 412 2574 digitique-tto
428 2509 516 2574 quoa
534 2507 713 2559 Gronau-at
733 2503 873 2555 Demmtea
888 2503 951 2554 Vet.
962 2505 1120 2555 natea-as
1138 2505 1245 2556 Phiara·

157 2582 193 2625 tea
202 2576 264 2638 tage
275 2576 350 2624 Puto
360 2575 476 2625 Gronov.
493 2579 521 2622 et
539 2573 644 2621 alanta
661 2569 853 2618 liardolm-dtt
870 2567 911 2618 lta
921 2567 997 2619 codd.
1008 2569 1137 2618 Bardaici
1153 2578 1181 2618 et
1194 2572 1245 2621 Da-

157 2641 207 2690 lea.
219 2655 277 2690 eum
287 2640 347 2690 edd.
358 2637 486 2688 ilardnlu.
498 2639 520 2685 l.
531 2639 555 2685 t.
566 2639 591 2684 ⁸.
602 2643 629 2684 at
641 2640 751 2684 recentt.
776 2633 818 2696 qai
835 2632 952 2682 Gronov.
969 2640 998 2683 et
1013 2635 1165 2697 aulae-⁹0
1181 2635 1244 2685 Ver.

649 2795 755 2849 NOPAE

194 2897 203 2932 ¹
224 2897 382 2961 Μινώα]
407 2895 556 2957 Δινομόχην
576 2895 681 2945 Plotar·
720 2890 770 2940 rilli
792 2887 912 2938 Torrnit‘:
937 2883 1026 2936 infelix
1047 2885 1137 2936 imbuit
1155 2897 1246 2939 auctor

159 2959 221 3026 claua
231 2976 348 3040 appellat
360 2973 385 3024 iu
397 2972 543 3033 Alcibiade,
554 2985 614 3035 pag.
626 2973 681 3018 191.
720 2963 803 3027 opus?
820 2962 972 3012 Convellere
982 2963 1047 3012 hanc
1059 2976 1135 3026 porro
1145 2963 1177 3011 de
1192 2972 1246 3012 tau·

160 3051 282 3102 lihauina
294 3051 357 3100 itam
370 3051 537 3099 Declamrx.
721 3056 751 3090 ro
772 3054 843 3090 aeneo
865 3040 969 3103 famam,
988 3037 1132 3103 fabulisque
1154 3053 1245 3088 acceo·

195 3136 208 3172 Ι
226 3125 436 3188 mutuatae]
452 3124 495 3174 lta
508 3123 574 3172 Mae.
585 3135 683 3182 omnes,
722 3133 791 3178 aero,
813 3123 932 3167 conatum
950 3116 987 3167 ait
1002 3115 1127 3164 limeum
1143 3116 1247 3186 histori-¹

161 3206 227 3269 aeg.
241 3209 267 3254 2.
278 3203 423 3267 ceterique,
434 3215 494 3263 non,
513 3206 541 3248 ut
553 3198 626 3254 editi,
635 3197 682 3247 Pi·
721 3210 779 3247 cnm
792 3193 915 3257 Polyhiru
926 3193 952 3242 in
965 3192 1112 3255 Excerptia,
1123 3206 1183 3256 paq.
1195 3197 1236 3242 ae.

161 3278 332 3340 aimateahigoe
343 3277 475 3340 rutam
492 3275 625 3324 Sententia
635 3279 684 3332 eat,
757 3269 764 3304 ¹
778 3268 887 3332 Sthenia]
902 3265 981 3320 Σθένιι
999 3266 1157 3330 Autolycum
1176 3265 1246 3318 fudit

160 3366 190 3407 ut
216 3354 355 3406 calamidis
382 3350 514 3416 quadriga
536 3348 683 3398 Praxiteles
723 3342 1076 3408 exure,aumquislnopen
1092 3341 1247 3397 candidius

161 3425 502 3493 aurigamauuruiuqmanit¹
519 3421 683 3489 quemadmo-
724 3419 832 3470 Lucullo
855 3418 962 3466 Romam
986 3416 1132 3465 aduectum.
1162 3417 1247 3466 Teatia

160 3506 221 3556 dura
232 3505 329 3554 dictum
341 3511 382 3552 eat
393 3515 480 3564 supra,
497 3499 533 3549 aic
551 3499 683 3549 Piatonem
725 3493 877 3544 Plutarchus
886 3491 912 3540 ln
922 3490 1039 3550 Lucullo,
1048 3505 1106 3554 pag.
1115 3494 1172 3541 tud.
1192 3491 1248 3541 Sta

159 3581 292 3632 ‘liaicratia
305 3581 372 3643 aiga
384 3578 515 3628 mulierem
533 3575 684 3638 imposuisse
724 3564 850 3618 Pausania
861 3563 990 3624 laudatar,
999 3571 1028 3612 ut
1040 3578 1118 3626 aopra
1130 3563 1249 3615 diximus.

161 3651 208 3707 au‘a
218 3670 305 3706 nanu.
321 3654 365 3704 De
373 3653 498 3703 litierate
508 3649 605 3700 dictum
614 3661 683 3712 aape
753 3643 855 3693 lSiaaoa
863 3639 954 3702 cuum]
967 3639 1007 3688 Da
1018 3639 1121 3688 Simone
1130 3639 1250 3702 AEgineta

162 3733 288 3798 apertu..
724 3713 1030 3778 lictore,Pauaaolaallh.
1042 3717 1206 3777 amatr.

194 3807 206 3842 δ
222 3803 354 3868 Pertusa]
368 3801 684 3867 napitaaaGraecirocaut.
757 3792 769 3826 ¹¹
785 3791 935 3843 Stratonicae
945 3790 1040 3840 calator
1056 3789 1107 3852 illa]
1133 3790 1194 3842 ,lam
1205 3804 1248 3856 ap·

161 3883 229 3934 vtae
251 3881 357 3932 Diodor.
375 3881 401 3929 in
421 3880 546 3941 Excerpt.
558 3879 684 3940 nauata.
725 3870 846 3937 peilatus.

162 3956 324 4009 Athenieuaia
335 3953 392 4005 init.
424 3955 519 4004 Cetera
530 3951 562 4000 dc
581 3966 612 4001 eo
631 3953 684 4000 aol-
757 3945 763 3978 ¹
781 3941 986 4010 Sccuuatraqae]
1004 3935 1062 3990 lion
1073 3945 1157 4000 eat,et
1168 3941 1249 3992 Simo·

159 4017 231 4098 'maa
256 4031 325 4083 Vide
337 4031 423 4080 valer.
441 4029 512 4078 Max.
534 4039 574 4076 rx.
590 4033 615 4076 a.
627 4041 685 4090 pag.
724 4021 764 4070 nia
783 4027 810 4070 et
820 4019 957 4070 stratonici
974 4025 1054 4079 opera
1065 4014 1133 4064 t'udit
1144 4031 1175 4064 ex
1188 4030 1252 4066 ara.

167 4115 222 4160 tat.
246 4107 326 4159 Ouid.
348 4105 403 4154 hrt.
422 4102 480 4152 Aru.
506 4104 603 4154 altitu.
635 4103 686 4152 ‘Et
726 4089 808 4146 Recte
818 4093 949 4144 Barbaros
967 4092 992 4142 ln
1011 4091 1127 4138 sectandis
1141 4091 1240 4154 castiga

167 4171 282 4238 tantini
299 4169 374 4260 ta'nro
390 4163 687 4230 riolauffimtffi‘e'·
726 4169 885 4222 tionihuaita
897 4165 1025 4226 emendat,
1037 4167 1200 4228 praeterque.
1243 4247 1245 4252 Ι
