3058 4888
442 394 528 442 nur.
553 391 651 442 nrsr.
677 393 748 442 crs.
772 390 931 444 xxxvn.
951 377 1006 444 82.
1184 373 1271 447 4847

173 551 249 596 curu
263 535 381 598 herbas
392 531 590 620 radicesque
602 535 797 616 effoderent,
814 529 967 604 aruerunt
978 529 1147 622 topazion.
1182 539 1271 606 Haec

176 635 333 700 Archelai
349 639 515 702 sententia
530 647 592 704 est.
630 639 652 704 J
655 639 722 702 uba
736 639 898 724 Topanou
910 641 1055 705 insulam
1066 647 1086 676 “¹
1103 642 1135 704 in
1152 637 1272 706 Rubro

175 738 296 801 maria
316 739 580 804 continentediai
601 741 811 823 navigatione
822 749 853 788 ³¹¹
876 743 992 805 abesse
1009 742 1120 818 tradit,
1135 743 1272 807 nebulo·

174 855 261 915 sam,
279 844 313 902 at
335 839 412 904 ideo
437 841 617 925 quaesitam
643 859 738 924 saepe
762 842 1010 924 navigantibus,
1037 861 1080 907 ex
1107 861 1147 906 aa
1168 863 1275 908 causa

173 959 295 1006 nomen
308 945 490 1026 accepisse.
534 943 687 1026 Topanin
697 951 710 979 ⁰
721 943 834 1008 enims
848 942 1114 1028 Trogodytarum
1127 950 1139 992 ⁵
1159 945 1274 1025 linguat

174 1042 450 1124 significationem
465 1045 587 1110 habere
602 1044 786 1128 quaerendi.
810 1043 864 1107 Ex
879 1045 943 1110 bac
959 1047 1100 1128 primum
1113 1046 1272 1128 importa-

174 1151 242 1208 tarn
266 1145 440 1209 Berenicae
467 1146 605 1229 reginae,
628 1164 705 1232 quas
733 1146 799 1209 fuit
822 1152 927 1212 mater
942 1145 1135 1229 sequentis⁶
1158 1146 1274 1211 Ptole·

174 1245 280 1322 rnaei,¹’
302 1243 533 1311 aPhilemoue
558 1245 722 1330 praelecto
745 1249 843 1329 regis,
864 1267 906 1313 ac
930 1250 1012 1314 mira
1033 1249 1215 1331 placuisse,
1240 1256 1275 1313 et

174 1347 387 1413 indefectam
400 1356 541 1414 sutram
551 1348 708 1414 Arsinoes
721 1349 920 1414 Ptolemaei?
935 1350 1144 1433 Philadelphi
1157 1350 1272 1414 rrxoria

176 1457 323 1533 quatuor
334 1451 533 1530 cubitorum,
549 1459 718 1526 sacratam
732 1452 767 1515 in
783 1451 938 1528 delubro,
948 1450 1038 1536 quod
1049 1469 1185 1514 aureum
1196 1469 1274 1530 cog·

175 1551 419 1616 nominabatur.
473 1553 710 1617 Recentissimi
741 1559 894 1616 auctores
921 1560 955 1617 et
976 1552 1067 1617 circa
1089 1550 1273 1615 Thebaidis

175 1651 392 1718 Alabastrum
407 1653 568 1737 oppidum
587 1655 681 1718 nasci
692 1651 826 1718 dicunt:
849 1660 884 1717 et
895 1653 962 1718 duo
973 1653 1047 1737 ejus
1060 1671 1180 1735 genera
1191 1651 1275 1717 faci·

174 1762 244 1830 unt,
254 1755 466 1838 prasoidew
482 1761 583 1838 atqua
598 1755 853 1838 chrysopteron‚
863 1756 1006 1820 similem
1022 1754 1273 1838 chrysopraso.⁷

174 1855 259 1940 Ejus
273 1857 358 1921 enim
375 1855 466 1920 tota⁸
490 1855 672 1921 similitudo
688 1856 731 1920 ad
747 1855 840 1940 porri
856 1875 993 1922 succum
1010 1856 1172 1938 dirigitur.
1211 1855 1288 1919 Est.

175 1967 287 2024 autem
303 1957 510 2041 amplissima
521 1976 733 2038 gemmarum.
757 1956 883 2021 Eadem
897 1957 973 2021 sola
982 1955 1147 2021 nobilium
1158 1955 1273 2019 limant

176 2061 296 2125 sentit:
319 2065 438 2125 ceterae
456 2059 592 2125 Naxio·
613 2067 649 2124 et
665 2059 824 2124 cotibus⁹
839 2058 1023 2142 poliuntur.
1067 2057 1274 2122 Haecetusu

175 2163 339 2227 atteritur·
375 2175 379 2184 '

632 2271 814 2294 Onnmom

177 2406 292 2456 Gronov.
306 2413 335 2456 et
346 2406 433 2469 rulgg.
457 2407 530 2466 sessi,
542 2423 595 2457 eurr
613 2408 696 2458 lindos
715 2407 792 2457 codd.
811 2407 902 2456 Dslec.
923 2405 1022 2455 Frrxen.
1039 2412 1067 2456 et
1082 2404 1215 2455 chiffl-a
1234 2405 1275 2454 lta

175 2471 252 2520 codd.
266 2473 356 2520 Doleo.
367 2477 395 2520 et
407 2472 505 2521 urrann.
522 2489 537 2521 u
554 2479 615 2522 eost.
633 2471 721 2522 studiis
732 2471 808 2522 CCC.
829 2473 908 2520 uleus
925 2471 1040 2520 Gronov.
1051 2476 1079 2520 et
1089 2473 1121 2518 al.
1133 2476 1193 2520 unte
1206 2470 1274 2519 liar·

175 2537 247 2586 dola.
264 2551 278 2582 u
289 2541 351 2586 rost.
363 2537 447 2586 stadiis
459 2537 512 2585 CC·
522 2536 602 2586 stem
613 2534 748 2586 chin-⁴
761 2537 860 2599 Opuzss
871 2536 934 2586 eninr
944 2535 1021 2584 codd.
1032 2537 1125 2584 Deles.
1136 2541 1164 2584 et
1175 2535 1276 2584 Fuxen.

174 2607 224 2649 -5
241 2599 283 2649 tn
296 2601 372 2649 codd.
386 2599 524 2659 harduini,
536 2601 629 2650 Deles.
640 2607 668 2650 et
680 2598 765 2651 chiffl.
786 2599 983 2662 Troglodpterurn
994 2599 1108 2648 Gronov.
1123 2607 1150 2648 et
1165 2598 1198 2646 sl·
1213 2608 1275 2647 snus

174 2662 354 2716 fierdun—c
370 2665 431 2714 Vet·
446 2665 539 2714 Dalee.
554 2666 707 2714 urendi-r
725 2663 792 2714 cod.
813 2663 904 2712 Deles.
924 2663 1076 2726 maciem
1092 2661 1141 2726 (its
1161 2663 1275 2726 Fuseu.)

174 2729 278 2778 siadhm
286 2730 455 2794 chrysoprasor
469 2730 585 2779 Gronov.
597 2735 624 2779 et
636 2731 667 2778 sl.
678 2735 740 2778 ente
751 2727 878 2778 llsrduiu.
894 2727 1101 2791 chrysoprassus.
1111 2728 1275 2790 chrysopraso.

174 2797 224 2842 -8
241 2794 306 2844 Vor.
324 2800 374 2843 teto
385 2795 461 2843 deest
473 2795 497 2842 in
510 2795 658 2843 Fossa-t)
675 2792 717 2842 ltr
728 2808 760 2841 err
777 2792 853 2842 codd.
866 2791 1016 2840 lietduinus
1027 2797 1055 2840 et
1066 2795 1176 2840 rereutt.
1193 2797 1276 2839 ‘sues

177 2864 201 2906 et
212 2863 263 2908 ests
276 2859 328 2907 bis.
340 2859 478 2920 Fortassis,
488 2873 548 2908 sess
558 2863 582 2908 et
591 2863 653 2922 eote,
665 2864 693 2906 ut
704 2858 730 2906 iu
742 2857 804 2907 Vei.
831 2857 905 2906 Naso
915 2861 939 2906 et
950 2855 1041 2905 estibus
1051 2853 1144 2906 cniffl:
1160 2855 1244 2910 Dulce.

665 3019 773 3070 ΝΟΜ

208 3123 227 3150 “
245 3115 352 3180 Toparon
361 3115 474 3179 insulem]
492 3116 548 3166 Lib.
562 3129 601 3166 rr.
614 3119 689 3167 uti.
745 3129 817 3179 sape
839 3114 949 3178 Plinius,
970 3115 1018 3165 boo
1036 3124 1085 3170 est.
1105 3113 1275 3178 posteriorem

207 3197 220 3224 ¹¹
237 3191 471 3256 Dieisssigstiorre]
489 3191 704 3241 stetissemus·
746 3197 832 3240 voest.
866 3192 909 3241 Da
928 3190 1043 3253 ejusdem
1060 3191 1202 3240 Berenices
1215 3189 1276 3240 sds·

175 3265 241 3330 iere,
251 3268 315 3331 aeg.
323 3269 398 3318 Colb.
412 3267 477 3320 lius.
505 3267 542 3318 At
553 3266 637 3318 chiffl.
651 3269 704 3318 CC.
746 3275 833 3317 urente
843 3267 978 3319 luvenalis
988 3267 1045 3317 Set.
1059 3281 1097 3317 vr.
1108 3271 1165 3317 155.
1182 3267 1276 3316 ιΜιιῐ·

174 3344 269 3402 stodiis,
287 3345 377 3394 lroruor
399 3344 536 3394 verborum
556 3343 613 3392 rice
631 3343 704 3406 legit.
746 3345 829 3408 sirius,
847 3345 940 3395 deiude
955 3346 1059 3396 sdsnras
1079 3344 1236 3402 notissimus,
1248 3351 1276 3393 et

177 3419 249 3470 Libri
263 3433 353 3471 omues
372 3421 446 3483 editi,
462 3420 549 3470 dedii·
567 3421 645 3470 CCC.
656 3421 705 3471 boc
745 3421 886 3486 Berenices
896 3421 928 3470 lu
941 3419 1115 3484 digitofsctus
1124 3420 1277 3482 pretiosior:

177 3505 227 3557 ert,
236 3509 350 3547 xxxrrr.
362 3509 394 3546 rr.
406 3509 433 3546 b.
445 3510 514 3560 psss.
744 3495 813 3546 bunc
830 3495 905 3545 dedit
924 3496 984 3544 olim
1002 3493 1134 3544 Bhrbsrrrs
1150 3494 1275 3543 lneestsrr

201 3571 347 3636 οΤοριιιίιι]
375 3573 490 3622 isidorus
511 3573 568 3620 loeo
587 3569 633 3622 eit.
650 3571 705 3622 hec
744 3571 818 3621 dedit
837 3572 905 3621 hunc
926 3570 1045 3633 Agrippa
1064 3570 1156 3634 sorori,
1179 3569 1276 3620 Obser-

176 3649 285 3697 totideru
297 3647 400 3698 serbis:
418 3649 507 3699 ‘Nasu
518 3644 630 3707 τοπάζειν
640 3647 704 3696 Tro·
745 3653 808 3696 rsrrt
828 3647 873 3695 nbi
895 3644 963 3695 fests
983 3659 1054 3694 suero
1076 3644 1144 3709 pede
1166 3644 1277 3694 subbata

175 3724 329 3789 godytsrunr
337 3722 649 3788 liuguasiguihcatioueur
661 3723 704 3773 bs·
746 3736 831 3786 reges,
841 3723 876 3772 Et
887 3729 961 3772 retus
974 3721 1092 3785 indulget
1103 3721 1208 3770 senibus
1224 3722 1276 3770 ela·

177 3798 386 3864 berquerendt:
745 3797 958 3862 meutiaporcis.'

209 3883 223 3918 Ρ
239 3876 364 3940 Serantis
375 3874 512 3939 Ptolemaei]
536 3875 595 3925 llcc
606 3881 656 3935 est,
665 3888 705 3923 se·
776 3883 789 3918 r
807 3875 958 3940 Philadelphi
968 3873 1052 3938 wart]
1069 3875 1173 3925 Pariter
1189 3881 1217 3924 et
1235 3886 1275 3926 so·

175 3952 337 4008 tendisne
356 3950 536 4014 Philsdelphir
562 3949 705 4014 esdeurque
746 3952 807 4000 rori.

176 4043 242 4080 usor
263 4028 401 4080 Ptoienrssi
424 4029 500 4092 lugi,
517 4027 560 4091 qni
583 4026 706 4089 princeps
777 4033 787 4059 ¹
803 4024 954 4088 Praesident]
970 4024 1112 4087 Πρισοιιθῆ,
1130 4025 1213 4081 colore¹
1220 4037 1276 4086 por·

176 4113 236 4168 post
251 4103 393 4155 Alexandri
404 4102 502 4152 nbitunr
516 4101 628 4166 AEgypto
640 4099 706 4164 poti·
745 4115 829 4150 moeo:
846 4109 874 4152 et
891 4099 1067 4165 xpwdsrspsa,
1080 4100 1130 4156 rel,
1146 4098 1184 4148 uti
1203 4099 1275 4148 exhi·

177 4190 216 4232 tus
227 4191 277 4232 err.
303 4180 347 4231 Sic
360 4176 510 4230 Africanum
521 4175 706 4242 ‘manentem’
746 4176 810 4228 irent
827 4175 890 4228 hirs.
907 4190 1006 4235 carues,
1020 4173 1175 4242 xpudrspsr,
1189 4192 1204 4227 a
1220 4178 1274 4242 psl·
