3088 4886
254 341 341 410 roos
621 359 654 408 c.
677 355 800 434 rurnn
823 353 989 410 suounur

255 501 353 566 Jovis
381 500 455 566 mdo
484 499 636 566 extitisse
661 501 836 584 picturam,
863 501 1036 584 cultusque
1059 497 1208 582 reliquos
1233 513 1366 562 omncs

255 602 422 667 foemineis
436 603 634 683 argumentis
648 601 808 666 constet-³
851 600 983 668 Etenim
1006 600 1096 666 facts
1114 599 1261 664 Juuouis
1280 597 1367 664 aede

258 721 334 769 cum
359 702 554 768 inferrentur
580 703 688 784 signe,
718 711 925 785 permutasse
954 702 1058 784 geruli
1083 697 1368 766 induciantes

258 800 292 864 id
315 801 508 884 religione⁷⁴
528 803 748 878 custoditum,
772 803 863 867 velut
885 803 968 886 ipsis
988 801 1066 876 Diis
1081 799 1194 864 sedem
1208 800 1255 864 itu
1270 817 1368 882 par·

258 901 340 966 titis.
384 902 472 985 Ergo
494 909 527 968 et
548 905 583 968 iu
603 902 747 970 Junonis
769 903 842 967 cede
863 903 975 969 cultus
996 907 1061 978 est,
1078 900 1138 984 qui
1157 900 1180 965 J
1183 901 1257 966 ovis
1272 917 1370 964 esse

220 1067 223 1076 ,
260 1003 386 1070 debuit.

303 1103 387 1168 Sunt
400 1111 433 1168 ct
445 1104 479 1167 iu
495 1105 610 1186 purvis
625 1105 817 1168 marmorcis
834 1103 958 1168 semum
972 1103 1157 1180 consecuti,
1174 1100 1370 1186 Myrmeci-

260 1205 347 1283 des:
362 1206 458 1288 cujus
474 1206 665 1288 quadrigam
680 1226 758 1270 cum
775 1206 937 1288 agitatore
952 1204 1125 1286 cooperuit
1139 1204 1202 1268 elis
1217 1221 1366 1268 muscus

260 1315 295 1370 ct
309 1305 519 1384 Callicrates,
535 1308 631 1392 cujus
645 1310 857 1396 formicarum
874 1308 979 1389 pedes
997 1314 1100 1387 utque
1120 1306 1189 1370 sliu
1207 1304 1368 1370 membra

260 1407 510 1490 pervidereuon
525 1415 585 1472 cst.
1164 1467 1167 1476 .

299 1526 341 1574 .v.
365 1507 454 1594 (vr.)
480 1509 569 1576 Haec
601 1511 670 1574 sint
697 1510 792 1576 dictu
820 1510 863 1573 de
892 1525 1091 1574 marinorum
1120 1505 1366 1590 sculptoribus,

262 1629 457 1696 summeque
478 1611 627 1675 claritate
649 1611 833 1676 artificum:
856 1629 924 1693 quo
945 1610 980 1672 iu
998 1615 1143 1672 tructetu
1159 1608 1249 1671 subit
1263 1625 1364 1672 ruen-

216 1699 220 1712 ’
262 1719 329 1775 tem
343 1730 408 1775 uon
423 1710 550 1800 fuisse¹
573 1718 641 1774 turu
656 1712 892 1776 anctoritatem
907 1709 1079 1774 maculoso
1094 1709 1260 1774 marmori.
1292 1707 1363 1772 Fe-

263 1806 394 1875 cerc‘c
417 1811 546 1874 Thasio
569 1811 751 1895 Cycladum
779 1812 972 1884 insularum,
991 1827 1087 1891 mque
1110 1811 1145 1871 ei
1166 1827 1185 1870 e
1210 1806 1361 1872 Lesbio:

263 1910 398 1974 lividius
421 1911 483 1976 hoc
507 1912 622 1996 paulo.
666 1911 895 1977 Versiculores
920 1910 1051 1994 quidem
1076 1909 1240 1986 mucules,
1264 1913 1297 1988 et
1320 1905 1359 1968 in

264 2015 373 2074 totum
394 2029 594 2095 marmorum
615 2021 811 2096 apparatum
832 2010 1037 2074 Menandcrs
1059 2010 1161 2074 etiam
1174 2007 1360 2090 diligentis-

264 2111 369 2175 simus
390 2111 531 2176 luxuriee
556 2114 743 2196 interpres,²
765 2112 893 2196 primus
913 2115 946 2172 ct
965 2129 1040 2173 reru
1055 2109 1177 2192 attigit.
1221 2109 1357 2173 Colum-

264 2211 318 2274 nis
333 2211 466 2274 demum
484 2214 654 2277 utebantur
673 2212 708 2275 iu
723 2213 868 2294 templis,
884 2230 946 2274 uec
969 2209 1108 2274 lautitisc
1131 2228 1247 2287 ceusu,
1264 2208 1357 2294 (uou-

265 2310 345 2374 dum
360 2311 447 2375 enim
470 2313 537 2375 ists
558 2311 852 2394 intelligebantur,)
872 2311 932 2374 scd
955 2311 1038 2394 quin
1058 2310 1239 2375 firmiores³
1264 2311 1357 2376 ulitur

266 2414 368 2478 stetui
397 2431 463 2477 uou
491 2419 652 2497 poteraut.
697 2411 756 2478 Sic
787 2421 842 2476 cst
870 2408 1085 2477 iuchoutum¹¹
1107 2409 1249 2478 Athenis
1276 2417 1358 2478 tem·

299 2581 312 2615 ἢ
328 2583 405 2646 snm
415 2589 440 2635 et
450 2599 545 2635 murm
562 2589 668 2643 eruntne,
679 2597 731 2646 quc
738 2580 814 2631 meris
826 2581 931 2631 Deorum
941 2585 1083 2635 coriumniiu
1092 2587 1170 2648 mgis
1181 2589 1342 2646 cosummat.

300 2645 308 2678 ¹
326 2649 387 2705 Quo
397 2649 467 2698 decis
477 2651 561 2713 ternpio
571 2650 692 2699 destimu
702 2653 781 2709 nunt,
788 2647 814 2695 irr
824 2646 928 2697 dissonis
937 2651 989 2698 ode
995 2651 1116 2712 misse:
1127 2656 1151 2700 et
1161 2651 1212 2700 eice
1219 2664 1296 2700 veru·

271 2890 399 2942 Herduiu.
412 2895 435 2939 l.
445 2896 470 2942 2·
480 2895 504 2940 i.
515 2897 543 2942 et
558 2898 669 2942 receutt.
701 2895 849 2954 aramis,
866 2906 927 2940 reno
947 2896 973 2940 et
988 2891 1076 2940 inemo
1094 2889 1208 2941 Gronov.
1228 2897 1255 2940 et
1276 2891 1360 2954 vnlgg.

270 2960 335 3006 -74
352 2956 520 3006 Cod.Dulec.
540 2956 660 3016 religiosi.
693 2955 926 3016 Moxaneeoem:
944 2956 1152 3004 Diinedentiiue.
1184 2957 1290 3019 Apparet
1305 2970 1360 3016 erge

270 3021 327 3080 quid
337 3020 363 3067 in
373 3021 401 3067 J.
409 3034 439 3067 a.
450 3033 470 3066 o.
478 3023 524 3078 ert,
532 3019 605 3080 quiin
613 3019 684 3067 ‹loeir
693 3035 743 3069 em
753 3019 848 3076 deluitf
865 3021 979 3069 Gronov.
990 3028 1018 3069 ot
1030 3020 1064 3068 ei.
1075 3029 1136 3070 uute
1146 3019 1361 3074 Hurduirr.etium.

270 3081 367 3139 deiuit5
384 3083 445 3132 Ver.
464 3082 556 3130 Doleo.
573 3083 614 3144 pei
625 3083 695 3131 doris
706 3097 754 3132 esre
765 3083 871 3134 deiciet.

304 3144 370 3195 ΟΔ».
382 3159 408 3193 ν.
442 3151 456 3195 1
473 3147 566 3209 Margo
577 3145 638 3194 edd.
652 3147 741 3195 Dulce.
751 3155 777 3196 et
789 3147 903 3198 Gronov.
920 3147 960 3197 eii
971 3153 1049 3196 turries
1060 3147 1178 3198 sciendum
1187 3147 1272 3204 seinse.
1291 3147 1362 3203 Mox.

272 3209 395 3269 marmori,
405 3224 476 3272 quum
486 3209 569 3269 ferere
582 3211 657 3258 Peroe
670 3212 691 3258 C
706 3212 798 3262 cloden
809 3212 939 3260 insularum
955 3227 1084 3275 suumque
1093 3217 1116 3260 et
1127 3211 1222 3262 neenec
1253 3211 1363 3261 Lieidieu

273 3273 317 3321 lico
333 3275 529 3338 versiculumque
541 3274 647 3324 momine
731 3290 751 3324 ι.
785 3275 815 3324 Iu
827 3282 903 3326 totum
919 3277 977 3327 oud.
990 3277 1126 3326 Doleo-2
1143 3277 1208 3326 Cod.
1219 3275 1310 3326 Doleo.
1324 3277 1362 3325 di·

763 3405 870 3456 NOTAE

306 3497 502 3566 εΙὶὶῃτιοιεοίἀει]
530 3501 566 3552 Et
582 3500 801 3565 climachum,
840 3502 967 3554 isidorum
980 3502 1055 3562 orig.
1072 3513 1131 3552 xvi.
1148 3506 1174 3551 ὅ.
1192 3500 1364 3566 qrrodetliri·

275 3585 372 3641 prester
383 3578 447 3628 hunc
459 3591 638 3641 murmuretur,
650 3577 800 3642 quendrigsur
841 3579 898 3630 dius
908 3593 965 3628 eme
976 3578 1125 3628 confitetur.

274 3655 295 3704 ir
308 3652 379 3713 fecit,
388 3653 421 3702 de
434 3669 485 3718 qne
496 3653 595 3704 dictum
607 3661 646 3704 eit
658 3667 707 3704 vn.
718 3659 760 3704 21.
772 3664 801 3705 ut
874 3662 886 3697 ⁸
903 3653 1045 3715 Menander]
1065 3651 1246 3716 Comicus,qni
1258 3653 1365 3702 luxuries

274 3738 301 3779 et
313 3730 475 3793 Callicrates,
485 3731 557 3793 cujus
570 3731 679 3780 nutiliciu
689 3731 801 3780 delecte·
842 3743 920 3792 genus
930 3743 1005 3778 onrns
1022 3728 1128 3792 pulchre
1138 3728 1259 3792 callebat.
1292 3728 1367 3782 rue·

275 3813 330 3856 turn
349 3803 477 3854 Periclem
497 3805 613 3866 inprimis
627 3805 719 3855 scribit
740 3805 800 3856 Plu·
842 3806 903 3858 drnr
924 3806 968 3855 tin.
980 3819 1006 3853 v.
1021 3805 1071 3854 ‘ln
1089 3805 1145 3868 quir
1162 3804 1306 3854 Meuunder
1321 3819 1367 3854 uu-

275 3882 382 3932 teretius
394 3881 419 3930 in
433 3881 545 3938 Pericle,
558 3896 616 3941 pag.
628 3885 685 3932 len.
841 3882 899 3932 bilis
919 3881 1060 3942 comoediis,
1076 3881 1217 3944 Unguento
1227 3880 1368 3942 delibutus,

309 3957 431 4021 ‘Fecerd
457 3955 572 4006 statuo.
598 3958 688 4009 Tlrmii
711 3959 803 4024 lepidis
843 3958 938 4008 vestitu
956 3954 1368 4018 effluens,Veniebutgrsssuds·

278 4036 345 4100 apud
353 4037 480 4086 Seusounr
488 4035 584 4082 tuentio
593 4033 679 4096 Epist.
688 4047 804 4086 rnxxur.
842 4032 920 4082 liceto
931 4040 958 4080 et
970 4029 1109 4095 languido:
1118 4033 1168 4080 &c

278 4113 352 4173 enjus
363 4111 473 4172 initium,
496 4116 503 4137 ¹
514 4109 544 4158 ln
562 4111 616 4172 ipsu
628 4110 756 4180 Scipionis
767 4111 803 4162 A·
874 4106 886 4140 '¹
903 4107 944 4158 Sic
954 4114 989 4157 eet
999 4106 1146 4169 incinctum]
1163 4107 1315 4160 lnclroutunu
1325 4124 1369 4174 pe·

277 4184 369 4235 trienni
379 4186 453 4236 villu?
488 4185 576 4244 hcubii
584 4187 726 4249 murmuris,
735 4188 803 4251 opud
844 4187 908 4238 riter
920 4188 958 4238 uit
968 4187 1132 4256 Tresquillui
1145 4186 1170 4236 in
1179 4187 1305 4254 Augusto,
1314 4205 1372 4254 cup·
