3128 4892
275 367 363 458 4584
637 385 672 431 o.
695 383 814 432 enrurr
839 381 1002 432 suourtnr

285 563 289 569 ·
319 524 411 590 Nam
426 521 595 587 Timanthi
612 520 665 587 vel
679 524 856 604 plurimum
870 522 965 586 affuit
975 522 1134 603 ingenii.²⁸
1179 521 1263 605 Eius
1276 523 1364 586 s'niru

278 639 332 689 est
351 623 556 706 Iphigenia'
580 631 744 687 oratorum
759 622 914 686 laudibus
928 623 1104 700 celebrata,
1119 629 1187 704 qua
1201 629 1308 686 stante
1322 621 1364 686 ad

278 744 355 788 aras
377 723 533 806 peritura,
548 743 622 786 oum
644 729 780 787 maestos
803 723 969 804 pinxisset
983 742 1107 796 omues,
1121 723 1292 804 praeoipun
1307 741 1365 804 pa·

277 831 398 901 uuum,
417 829 450 888 et
473 823 616 886 tristitias
639 841 770 886 omnem
791 823 964 903 imaginem
987 825 1236 899 consumsisset,
1258 823 1366 905 patris

278 925 387 1006 ipsius
411 924 537 987 vultum
559 922 690 999 velavit,
706 940 805 1003 quam
829 920 928 1003 digne
949 941 1015 986 non
1037 928 1167 1004 poterat
1181 920 1365 986 ostendere.

278 1023 366 1088 Sunt
388 1028 422 1087 et
445 1024 510 1087 alia
529 1023 653 1103 ingenii
675 1023 748 1104 ejus
771 1020 988 1103 exemplaria,
1002 1021 1105 1085 veluti
1124 1020 1273 1104 Cyclops
1291 1021 1367 1084 dor·

277 1125 379 1189 miens
393 1125 429 1188 in
443 1123 583 1205 parvula
598 1123 738 1188 tabella:
760 1122 857 1204 cujus
872 1123 969 1185 etsie
984 1121 1241 1202 magnitudinem
1255 1121 1365 1202 expri-

277 1242 366 1286 mere
389 1224 542 1304 oupiens,
558 1223 668 1304 pinxit
683 1224 785 1306 juxta
808 1221 958 1305 Satyros,
975 1222 1088 1305 thyrso
1109 1221 1264 1303 pollicem
1288 1221 1364 1303 ejus

276 1323 459 1386 metientes.
509 1323 618 1406 Atque
643 1323 678 1386 iu
702 1324 802 1386 unius
826 1322 928 1404 hujus
952 1322 1147 1406 operibus¹⁹
1171 1321 1365 1403 intelligitur

277 1422 354 1505 plus
378 1441 518 1505 semper,
533 1442 630 1505 quam
656 1423 816 1505 pingitur:
837 1429 870 1485 et
893 1441 968 1485 uum
989 1440 1044 1485 ars
1064 1440 1191 1485 summa
1206 1422 1261 1496 sit,
1277 1421 1365 1502 inge·

276 1520 366 1587 nium
381 1528 490 1588 tamen
505 1523 591 1588 ultra
606 1529 711 1587 artem
724 1527 786 1585 est.
824 1520 939 1585 Pinxit
953 1527 986 1584 et
997 1521 1112 1585 Heroa
1122 1521 1365 1585 absolutissimi

227 1620 233 1625 “
277 1623 513 1704 operis,‘artem
522 1623 853 1705 ipsam¹oompiexua
863 1623 984 1685 ιίιοιιΞΟ
994 1621 1164 1704 pingendi:
1180 1620 1270 1703 quod
1279 1638 1364 1704 opus

276 1739 362 1784 nuno
379 1720 497 1785 Romae
514 1722 688 1803 intemplo
707 1720 828 1785 Pacis’
844 1726 904 1785 est.

321 1819 533 1885 Euxenidas¹
553 1821 615 1884 hac
630 1825 731 1886 etate
747 1820 861 1885 docuit
876 1820 1077 1886 Aristidem·
1097 1821 1292 1904 praeolamm
1306 1839 1363 1885 ar·

277 1919 421 1984 tifioem:
456 1921 654 2005 Eupompus
681 1920 919 2002 Pamphiluml
947 1921 1080 2003 Apellis
1109 1927 1364 2004 praeceptorem.

277 2020 341 2085 Est
364 2021 532 2104 Eupompi
556 2022 663 2085 victor
687 2017 864 2085 certamine
887 2023 1041 2104 gymnico
1067 2021 1213 2106 palmam
1238 2026 1365 2086 tenens.

277 2119 390 2202 Ipsius
412 2121 589 2186 auctoritas
605 2128 697 2186 tanta
711 2119 786 2197 suit,
802 2127 837 2184 ut
852 2121 1001 2185 diviserit
1015 2123 1174 2203 picturam
1188 2123 1222 2186 in
1242 2137 1365 2204 genera

278 2221 353 2297 tria,
369 2240 445 2303 quae
467 2228 544 2284 ante
566 2240 640 2285 eum
659 2221 727 2284 duo
742 2221 849 2284 sueres
871 2221 1094 2299 Helladicum,
1109 2231 1145 2287 et
1160 2222 1249 2306 quod
1265 2221 1363 2286 Asis·

276 2515 308 2560 28
325 2511 390 2561 cod.
409 2511 501 2561 Dalee.
520 2512 578 2561 dass
596 2512 730 2562 masseria
749 2516 787 2563 oet
803 2517 865 2579 piar.
882 2514 974 2579 effulsit
992 2515 1187 2576 tegentes-au
1216 2512 1278 2563 'Ita
1297 2511 1364 2562 bene

275 2574 352 2623 eodd.
365 2575 445 2638 ltegg.
456 2580 515 2625 M.
527 2575 640 2625 Pintian.
657 2576 807 2641 Dsleeaurp.
825 2579 911 2628 Editio
931 2579 1061 2642 princeps,
1078 2585 1106 2627 et
1124 2578 1163 2628 Cl.
1181 2575 1297 2626 Durand.
1330 2577 1363 2626 ln

275 2637 327 2686 Ms.
339 2638 403 2702 Reg.
414 2642 437 2690 Ι.
454 2639 485 2688 Is
495 2639 565 2688 saise
575 2640 634 2699 eise.
667 2641 738 2690 Male
754 2643 914 2694 recentiores
932 2642 1067 2698 editiones,
1078 2642 1105 2690 is
1114 2639 1219 2691 mnu·
1228 2639 1277 2700 ῥυ
1286 2643 1363 2702 operi·

275 2700 325 2750 ias.
358 2703 480 2752 Breviter
491 2712 518 2752 et
535 2705 639 2768 egregie
652 2705 760 2767 pietnrsa
772 2706 903 2756 historiam
921 2705 1034 2769 prodidit
1045 2705 1155 2754 Plinius.
1189 2703 1363 2767 Apollodorus

274 2763 344 2814 t'ores
355 2766 472 2830 speruit:
491 2767 587 2818 Zeuxis
606 2769 711 2818 intravit
723 2775 750 2818 et
760 2771 859 2820 colores
876 2769 1002 2833 perieeitr
1019 2769 1171 2820 Parrhasius
1187 2767 1362 2833 symmetriam

276 2833 440 2942 ⁸¹⁸¹¹g¹⁸qi¹⁸
453 2831 557 2943 rullius,
570 2833 726 2946 ekga'u'tism
742 2835 849 2918 capilli,¹
858 2841 1020 2910 venustatem
1039 2833 1090 2908 oris
1108 2833 1203 2910 primus
1214 2831 1302 2942 derblit:
1319 2831 1364 2940 Tg.

274 2907 404 3007 '13:2ss2»
411 2908 584 3018 wudu
593 2911 700 3022 sitistis·
710 2911 831 3010 ῗιῖῗῖιω
833 2899 964 3010 '¹135ng
962 2907 1363 3009 aassiiffi‘iuawniirn‘frcin

275 3028 348 3086 pont.
365 3029 391 3070 et
403 3021 493 3070 Fraus.
527 3023 600 3086 Mos,
615 3025 807 3088 passspisgatsr
817 3026 878 3077 vet.
895 3025 1053 3076 Deles-tu
1069 3023 1135 3074 (lod.
1147 3023 1238 3074 Deles.
1248 3027 1301 3072 arte
1311 3021 1363 3086 ipsa

765 3187 873 3238 Nom

306 3306 322 3330 ¹¹
342 3297 399 3358 Eius
413 3297 474 3346 esim
485 3302 521 3346 est
536 3297 673 3362 iptigesio]
691 3299 733 3349 De
749 3300 798 3350 isso
839 3313 897 3364 pag.
909 3303 964 3349 lto.

274 3374 377 3434 pistura
387 3373 552 3422 valentias.
563 3378 798 3438 vestburg-⁴⁰⁰.
869 3381 882 3408 ¹
898 3371 1203 3436 ArtemipsassJUtrliiln
1214 3372 1361 3422 mulieribus
1446 3355 1451 3362 ⁴

274 3455 282 3476 ‘
294 3449 363 3498 Quid
376 3448 418 3496 ille
429 3447 493 3497 alter
505 3461 577 3512 seque
594 3449 685 3498 nobilis
705 3449 798 3512 pictor,
838 3449 999 3511 effingendis,
1009 3449 1046 3498 sio
1058 3449 1101 3498 ille
1111 3448 1136 3496 in
1148 3446 1209 3497 viris
1219 3447 1335 3496 eximius.

272 3524 415 3574 luctuosum
423 3524 558 3573 immolata
567 3523 710 3587 iphigenia
719 3527 797 3576 saeri-
870 3527 929 3574 ris
950 3521 1225 3587 sempersenmper
1246 3521 1362 3584 proxime

273 3597 358 3646 ficium
378 3598 499 3662 reserens,
517 3613 574 3648 euru
587 3600 727 3650 Csleirenta
739 3602 798 3651 tris·
838 3602 932 3651 Forum
951 3599 1093 3648 Romanum
1109 3596 1285 3659 Vespasianus
1301 3609 1362 3646 nou·

273 3680 334 3733 tem,
356 3683 473 3722 moestum
496 3675 623 3738 Ulyssem,
645 3677 797 3727 clamantem
838 3677 911 3736 didit,
922 3682 1026 3723 anctore
1035 3672 1193 3736 Tranquillo,
1201 3685 1259 3732 esp.
1271 3675 1296 3720 9.

273 3747 391 3809 Ajacem,
425 3750 608 3799 lamentantem
641 3752 796 3815 Menelaum,
869 3745 1185 3809 'Essesidudnitssltan

272 3822 342 3870 eirca
365 3834 435 3869 amm
456 3824 600 3885 statuisset,
622 3834 701 3888 eaput
729 3828 797 3890 Aga·
868 3823 1039 3888 quadres]
1066 3822 1218 3886 Ἀριστείδην,
1228 3821 1362 3870 alternans

272 3897 412 3944 memnonis
430 3897 591 3952 involvendo,
610 3913 694 3949 nonne
707 3901 797 3950 summi
836 3900 966 3957 Thebano,
978 3897 1011 3946 de
1022 3911 1072 3960 quo
1083 3896 1201 3946 inferius.

272 3971 388 4020 maeroris
408 3971 586 4030 acerbitatem,
610 3981 667 4025 arte
686 3977 796 4040 exprimi
868 3971 1057 4036 ΙῬιιιιρδιῖιιιιι]
1084 3970 1184 4034 Apellis
1205 3971 1272 4019 hunc
1294 3983 1361 4030 pre·

273 4061 323 4096 nou
343 4061 418 4109 posse
436 4045 568 4096 consessus
588 4049 658 4098 esti'
691 4051 796 4101 videet
836 4055 968 4113 ceptorem
985 4049 1080 4112 pariter
1093 4045 1192 4096 t'srlunt
1202 4046 1360 4095 Plutarchus

271 4121 381 4172 Tullium
393 4122 418 4171 in
428 4122 504 4172 Orat.
514 4136 582 4174 unm.
593 4129 635 4176 lt.
644 4131 670 4175 et
678 4125 795 4183 Fabiam,
834 4127 861 4175 ln
875 4126 963 4188 Arato,
973 4122 1110 4186 etSoidss,
1122 4121 1202 4172 verbo
1211 4119 1341 4179 'asinas

272 4197 315 4258 qui
336 4197 383 4248 hoo
401 4199 545 4262 elegantius
564 4200 686 4266 prodidit,
705 4215 735 4252 rr.
755 4206 795 4252 lt.
