3088 4886
272 373 358 448 4676
584 373 589 388 ’
629 397 660 443 o.
684 389 805 443 rurum
829 389 994 444 sscuunr
1081 385 1085 391 '
1504 9 1520 522 N

274 555 435 624 proavum
449 555 558 620 usque
572 543 657 602 reiro
669 541 757 619 agat,
770 535 918 602 inveniat
931 537 1013 600 artis
1025 535 1097 619 ejus
1111 536 1269 619 originem
1285 553 1369 602 eum

274 637 513 726 olympiadum
528 640 654 721 origine
668 639 825 722 ooepisso.
870 639 1081 722 Hipponacti
1092 639 1253 704 notabilis
1264 638 1372 704 ioedi·

273 755 327 810 tas
342 741 454 807 vultus
466 745 554 804 erat:
577 739 810 824 quamobrem‘
830 740 1005 820 imaginem
1021 740 1092 824 ejus
1112 739 1257 803 iascivia
1266 739 1373 823 joco·

275 865 346 912 ram
363 846 386 910 ii
408 841 641 928 proposuere⁶
663 842 837 906 ridentium
861 840 1005 905 cirouiis.
1048 839 1151 919 Quod
1176 840 1374 924 Hipponax

274 947 476 1027 indignatus,
491 943 738 1008 amaritudinem
754 943 960 1006 carminum·
975 942 1149 1007 destrinxit
1161 943 1194 1004 in
1210 948 1374 1018 tantum,⁷

276 1057 312 1112 nt
336 1047 490 1112 credatur
514 1045 681 1128 aliquibus
706 1043 749 1108 ad
770 1044 923 1126 laqueum
948 1061 1007 1106 eos
1032 1043 1253 1126 compulisse:
1275 1041 1375 1127 quod

276 1150 396 1214 laisum
413 1153 475 1211 est.
521 1145 700 1229 Complura
723 1147 810 1208 enim
833 1145 867 1208 in
891 1145 1038 1210 finitimis
1052 1144 1168 1208 insulis
1183 1142 1377 1208 simulacra

276 1247 418 1333 postea⁸
440 1247 558 1322 iecere,
582 1246 670 1310 sicut
684 1247 716 1310 in
733 1245 834 1322 Deio,
850 1246 972 1328 quibus
994 1245 1208 1330 subjecerunt
1222 1263 1376 1323 carmen,

276 1349 377 1414 ‘Non
394 1348 518 1412 vitibus
532 1353 657 1414 tantum
668 1356 682 1384 '
704 1349 831 1413 censeri
846 1347 976 1424 Chium,
992 1349 1051 1413 sed
1077 1352 1111 1412 ei
1130 1347 1289 1430 operibus
1307 1347 1376 1412 Ar·

277 1451 399 1515 charmi
424 1449 588 1515 filiomm.'
632 1448 822 1514 Ostendant
847 1457 882 1513 et
909 1449 1025 1514 lasii'
1047 1449 1191 1514 Dianam
1215 1449 1375 1516 manibus

279 1572 392 1618 eornm
408 1553 541 1618 iactam.
584 1549 628 1616 Et
642 1551 675 1614 in
691 1551 768 1633 ipsa
783 1548 869 1615 chio
885 1558 1018 1616 narrata
1036 1557 1088 1614 est
1111 1551 1225 1633 operis
1251 1569 1377 1616 eorum

278 1655 400 1720 Dianae
429 1654 536 1720 iacies
563 1653 598 1717 in
628 1652 763 1716 sublimi
789 1652 912 1735 posita,
940 1652 1039 1736 cujus
1062 1652 1189 1718 vultam
1214 1654 1377 1718 intrantes

278 1755 414 1832 tristem,
430 1761 594 1818 exeuntes
608 1753 808 1817 hilaratum⁹
830 1761 962 1835 putant.
1006 1752 1126 1817 Βοωω
1141 1753 1234 1835 sigua
1256 1771 1378 1818 eorum

279 1857 406 1921 suntin
421 1855 598 1920 Palatina¹
618 1854 702 1930 aede,
717 1851 889 1937 Apollinis
904 1857 937 1918 in
951 1853 1095 1937 ia'stlgio,
1117 1862 1154 1918 et
1167 1857 1200 1918 in
1216 1855 1378 1920 omnibus

279 1957 436 2040 ferequae
452 1956 564 2021 Divus
579 1951 756 2036 Augustus
769 1955 862 2020 iecit.
906 1954 1021 2020 Patris
1041 1975 1177 2041 quoqne
1200 1975 1315 2020 eorum
1338 1961 1378 2020 et

281 2059 361 2124 Deli
375 2059 466 2123 fuere
477 2075 593 2142 opera,
608 2064 642 2121 et
655 2057 690 2119 in
705 2056 818 2122 Lesbo
832 2055 956 2120 insula.
993 2057 1130 2140 Dipoeni
1142 2057 1276 2140 quidem
1289 2056 1378 2121 Am-

280 2159 407 2236 bracia,
433 2156 727 2240 Argos,’(31eonm
757 2157 916 2240 operibns
945 2157 1073 2222 refertae
1099 2156 1203 2222 luere.
1248 2157 1378 2222 Omnes

281 2265 392 2324 autem
421 2263 549 2321 tantum
572 2257 717 2321 candido
741 2277 904 2322 marmore
926 2259 979 2323 usi
1002 2265 1082 2322 sunt
1104 2277 1123 2321 e
1143 2257 1232 2322 Paro
1254 2259 1379 2336 insula,

281 2379 378 2444 quem
408 2358 551 2441 lapidem
578 2377 714 2442 coepere
738 2357 929 2443 lychniten·
952 2360 1134 2443 appellare,
1149 2360 1307 2443 quoniam
1330 2358 1380 2425 ad

281 2460 433 2524 lucernas
447 2459 480 2522 in
494 2459 662 2522 cuniculis
673 2460 871 2537 caederetur,
886 2466 923 2525 ut
937 2467 1111 2525 auctorest
1124 2459 1246 2538 Varro,
1260 2460 1379 2526 multis

281 2567 400 2645 postea
415 2559 667 2624 candidioribus
682 2559 832 2644 repertis,
846 2578 955 2644 nuper
976 2563 1076 2628 etiam
1099 2563 1132 2626 iu
1147 2561 1354 2628 Lunensium
1364 2569 1380 2600 ⁸

739 2724 921 2746 ‘NOOONJMO

283 2839 428 2890 delboram
444 2840 560 2889 Gronov.
571 2837 604 2888 ai.
617 2844 682 2888 vett.
694 2837 822 2887 lietduin.
832 2842 857 2889 Ξ.
874 2844 899 2889 t.
912 2837 1008 2890 Miller.
1023 2846 1050 2889 et
1070 2841 1160 2890 Fraus.
1190 2841 1225 2890 B.
1241 2846 1265 2890 et
1275 2840 1380 2891 Albesia

283 2903 411 2953 Hardrrin.
425 2907 448 2952 i.
460 2911 487 2951 et
496 2902 652 2965 sipont-a
665 2903 731 2952 cod.
739 2903 945 2964 Deianiram
955 2905 980 2954 ia
990 2903 1195 2966 praraptrrferere.
1213 2903 1287 2961 Mox,
1295 2905 1380 2966 mlle,

284 2981 331 3028 pro
343 2966 445 3020 eirealia.
456 2965 539 3014 lladr.
547 2964 609 3016 Jiin.
617 2963 756 3014 Animsdr.
770 2981 788 3016 ι.
797 2970 887 3017 16.-7
904 2968 968 3016 cod.
977 2969 1068 3017 Doleo.
1080 2967 1238 3018 manin
1248 2970 1380 3018 maim

283 3028 411 3078 diotriuit
422 3043 460 3076 m
469 3028 494 3076 in
504 3033 606 3078 tostam.
624 3029 697 3084 Mox,
708 3029 800 3092 dauon
808 3045 840 3078 aa
850 3031 883 3079 tia
892 3033 1040 3106 ediquem
1050 3031 1113 3080 va.
1126 3032 1216 3081 Daiee.
1239 3033 1331 3101 &quar
1341 3045 1380 3081 ao·

284 3090 706 3202 a
791 3094 1379 3212 „aar

777 3301 888 3354 Now

317 3397 325 3429 ¹
344 3391 511 3458 dambrun]
529 3393 623 3446 Refert
642 3395 692 3447 irae
711 3409 813 3463 qunque
853 3396 953 3448 &aima
964 3397 1169 3463 Urbirregiaue.

284 3471 375 3522 Suidm
386 3471 444 3520 iano
455 3473 502 3520 rit.
884 3479 896 3515 ¹
912 3471 1005 3536 Ama]
1021 3473 1063 3523 ibi
1074 3487 1137 3524 reue
1154 3471 1271 3524 wari·
1280 3479 1310 3526 et
1319 3472 1383 3524 Poi-

318 3547 535 3598 ·Amnritadr'm
544 3546 685 3610 cararum]
702 3545 815 3600 Qae'rrii
854 3547 1016 3600 inerrans·
1034 3564 1050 3600 a
1069 3551 1183 3614 Dipmno
1198 3546 1270 3598 saeta
1282 3549 1383 3602 vineba-

287 3635 333 3683 pro
345 3623 396 3670 teia
409 3621 467 3672 fuit.
492 3623 560 3672 Vide
571 3625 656 3674 Nalm
667 3630 694 3674 et
706 3621 814 3674 Emand.
854 3630 906 3686 tar,
916 3630 945 3673 ut
957 3637 989 3674 ex
998 3624 1134 3676 cimento
1143 3623 1219 3676 Alex.
1231 3625 1308 3690 panio
1318 3631 1383 3678 ante

286 3706 356 3742 narra.
370 3698 393 3743 i.
854 3695 974 3748 dirimas·

318 3774 329 3800 '
347 3769 404 3818 Noa
422 3769 513 3820 atum
535 3771 639 3835 tanim]
657 3769 815 3822 hadalini·
886 3771 1056 3836 *manual
1071 3771 1285 3838 baxrlrmfflml
1298 3775 1385 3828 luder.

286 3857 327 3891 ran
347 3843 414 3892 euim
435 3856 467 3892 ex
487 3843 551 3893 ebio
569 3845 637 3902 rina,
656 3853 685 3894 ut
704 3845 814 3896 diximus
854 3847 964 3897 assirim.
1005 3845 1110 3898 ldoiroo
1143 3855 1172 3898 et
1199 3847 1266 3900 iia-v
1291 3850 1384 3914 λιχιύι

286 3921 380 3969 zrat-
854 3922 971 3984 appellat
997 3920 1146 3972 callixenus
1171 3923 1289 3975 Rhodias
1313 3927 1385 3992 apud

319 4000 335 4026 '¹
354 3992 488 4042 Ostendant
506 3995 532 4042 et
548 3991 620 4054 iasii]
636 3993 704 4046 Urbs
715 4001 755 4046 ert
766 3995 813 4046 Cs-
854 3996 951 4049 Albas.
963 3996 1007 4046 lib.
1017 4010 1045 4046 r.
1058 4001 1152 4060 pauli.

287 4067 333 4117 rioe
347 4067 427 4129 larua,
439 4069 473 4116 de
484 4083 534 4132 qua
546 4081 572 4118 v.
584 4073 626 4120 29.
886 4071 946 4121 ‘la
966 4072 1122 4136 Mundum]
1142 4072 1174 4122 lu
1196 4072 1283 4126 ltalia.
1314 4075 1385 4128 Gru»

319 4143 815 4210 ¹1rPaaam11aoensqraraApei·
855 4147 905 4198 teri
926 4146 1076 4211 Inscriptio,
1098 4161 1159 4211 pag.
1181 4152 1240 4199 m
1261 4161 1385 4204 unvu-

286 4216 332 4266 iiai
354 4217 484 4268 dedicarit
502 4218 637 4284 Augustas
656 4220 685 4272 in
703 4220 815 4280 Pristin,
854 4235 928 4276 aava.
945 4235 1120 4276 amorra.
1138 4235 1311 4280 uramara.
