3026 4890
205 373 291 438 uto
573 387 606 434 n.
632 385 754 432 rnrurr
779 384 942 434 saeuum

208 539 315 598 torum
329 530 571 614 quinquaginta
585 525 748 611 quinquej
764 523 916 592 dierum²
932 533 1021 604 notu,
1045 547 1108 610 per
1131 525 1298 610 significu-

207 635 329 697 tionem
345 632 445 707 enni,³
469 631 629 713 temporis
644 636 679 694 et
693 630 759 694 arvi
783 649 820 694 se
841 627 973 695 Deum*
995 629 1181 694 indicaret:
1205 629 1304 713 signu

210 752 344 817 quoqne
358 728 574 796 ⁴'l'uscunica¹
605 749 663 813 per
686 736 797 794 termus¹
811 729 976 813 dispersu,
1004 749 1081 814 quur
1106 731 1142 793 in
1168 729 1302 794 Etruria

208 831 362 898 factitata
383 852 450 898 non
472 841 526 897 est
550 832 713 898 dubium.4
756 832 904 896 Deorum
927 839 1056 896 tautum
1073 838 1232 914 ‘putarem
1262 849 1303 894 ea

209 933 338 1012 fuisses
353 934 389 998 ni
404 933 618 998 Metrodorus
633 931 806 1014 Scepsius,
821 934 877 996 cui
893 940 1105 1014 cognomenm
1121 952 1142 997 a
1158 931 1302 996 Romani

210 1036 354 1102 nominis
379 1035 459 1100 odio
485 1035 622 1098 inditum
648 1039 712 1111 est,
737 1041 881 1117 propter·
897 1035 963 1098 duo
986 1034 1103 1098 millia
1116 1039 1302 1097 statuarum

210 1131 388 1200 Volsinios
412 1145 621 1218 expugnatos
642 1135 812 1219 objiceret.
856 1134 1048 1218 Mirumque
1063 1134 1144 1199 mihi
1159 1133 1302 1210 videtur,¹

212 1255 289 1302 cum
303 1243 491 1302 statuarum
505 1237 597 1318 origo
612 1243 678 1302 tum
694 1242 793 1302 vetus
815 1236 851 1300 in
866 1236 967 1302 ltalia
981 1239 1037 1314 sit,
1059 1236 1171 1318 lignee
1189 1233 1303 1318 potius

667 1417 815 1440 OMWOO
818 1417 833 1438 Ο

213 1550 230 1595 2
247 1545 311 1595 ‘lta
325 1553 353 1596 et
373 1546 441 1597 irene
460 1549 511 1598 Ma.
532 1549 598 1613 Reg.
615 1553 640 1599 t.
657 1557 685 1600 at
700 1549 817 1601 eraditur
834 1549 984 1600 ilardniuus
995 1549 1021 1598 iu
1033 1550 1116 1599 altars
1125 1560 1171 1598 sus
1182 1545 1306 1597 editione.

213 1610 386 1674 Temporibus
399 1614 466 1661 enirn
486 1613 669 1674 Nnmaeannus
681 1612 842 1664 inittentum
854 1613 953 1663 dierum
966 1613 1090 1663 CCCLV.
1122 1612 1229 1661 lnMss.
1241 1611 1306 1674 Reg.

213 1678 240 1723 ί.
249 1679 274 1723 d.
285 1682 313 1724 et
323 1676 439 1726 editione
458 1678 584 1741 principe.
601 1679 752 1728 CCCLXV.
769 1679 869 1728 dieram.
902 1677 953 1726 Sed
964 1678 1014 1726 hoe
1031 1692 1063 1726 en
1077 1677 1221 1726 recentiore
1233 1689 1279 1723 usn
1290 1689 1306 1722 a

214 1737 325 1814 librariis
343 1741 494 1804 repositum,
507 1743 575 1804 qnod
589 1757 681 1792 annum
694 1751 818 1792 noverant
831 1757 889 1818 essa
899 1741 998 1819 dierum
1017 1739 1179 1818 ccctltt'!
1195 1740 1308 1814 Brotier.

214 1802 1308 1934 &ditatulititltttlltiiiitfttti‘ttttlrttllltutli‘tt

214 1929 296 1979 risum
308 1932 572 1994 eruditu'l‘orreutioq
591 1944 618 1983 et
631 1935 739 1984 aberant
758 1935 791 1983 ab
803 1935 857 1996 ejus
870 1933 1048 1997 antiquissimo
1061 1933 1111 1982 Μι.
1122 1930 1229 1982 codiee!
1245 1931 1310 1980 Bro-

214 1994 269 2043 tier.
296 1998 369 2045 annrd
381 1996 442 2047 Vei.
460 1997 600 2048 Dalm—4
619 1998 751 2061 Tharrana,
768 2001 810 2061 tyr.
822 1999 891 2058 saeta
906 2005 996 2047 maest
1008 1997 1103 2047 demens
1114 1997 1173 2045 Vct.
1186 1995 1310 2045 valeo·-

710 2141 815 2194 Nom

217 2235 330 2285 tarsonis.
371 2239 503 2288 dunimius
561 2269 567 2285 .
579 2240 631 2289 Atii
645 2239 746 2304 fingunt
785 2239 950 2288 dictumesse
960 2237 1118 2289 solummodo
1127 2237 1243 2288 triverit.
1256 2235 1310 2286 sec

214 2311 293 2373 iussin
318 2314 405 2363 dentre
429 2319 508 2363 tenere
527 2329 650 2364 numerus
671 2315 747 2365 CCC.
785 2312 904 2378 perfecta
922 2315 1079 2363 dimensione
1099 2314 1157 2362 anui
1173 2328 1188 2363 a
1206 2313 1312 2362 Caesare

216 2385 316 2436 statam
332 2403 387 2438 aera
406 2389 492 2438 LXV.
511 2395 538 2440 nt
555 2406 642 2441 ansam
660 2405 746 2453 repra·
785 2390 936 2454 constituta,
947 2390 1086 2451 digitorum
1103 2387 1209 2452 figuram
1228 2397 1312 2437 muta-

216 2467 411 2525 assistendo.
421 2465 502 2514 diebus
512 2471 664 2516 constantem.
698 2466 747 2516 Co·
786 2469 837 2512 tam
864 2478 921 2514 esse
948 2464 1095 2513 eredimus:
1113 2463 1313 2526 astipulantibus

219 2536 293 2586 diuus
317 2539 378 2589 item
399 2542 424 2589 in
446 2540 676 2606 Constantinopoli,
695 2542 748 2606 aspi
784 2540 902 2602 inprimis
913 2539 972 2589 huie
983 2539 1087 2588 lectioni
1099 2538 1245 2600 Maerablo,
1254 2539 1313 2588 Sui·
1341 2533 1353 2556 ⁰

218 2612 358 2676 intumos
374 2615 456 2666 'tirou
490 2617 608 2682 Denique
626 2618 748 2668 Nicotaus
786 2615 1026 2684 da‚·Codiuo.—-‘
1040 2615 1231 2678 Quinquaginta]
1270 2613 1314 2664 lta

220 2691 369 2754 Smyrnaeus
387 2691 558 2756 artabasdus,
573 2692 660 2742 libello
673 2708 748 2756 quern
787 2688 955 2753 probatissimi
972 2690 1034 2739 Mas.
1046 2700 1071 2738 et
1083 2689 1140 2739 iibri
1159 2705 1248 2741 omnes
1258 2689 1314 2740 edi·

219 2766 371 2829 conscripsit
393 2783 424 2816 ea
445 2768 478 2818 de
506 2781 544 2830 re,
569 2766 683 2832 inqqaau
707 2770 750 2818 τοῦ
787 2766 825 2814 ti:
844 2779 876 2814 eo
896 2765 963 2830 quod
984 2780 1079 2817 annam
1099 2767 1194 2827 Numa,
1215 2767 1258 2829 qui
1281 2766 1315 2815 ai·

219 2843 360 2892 δακτυλικοῦ
368 2843 596 2908 aitqauliiorellus
606 2845 699 2908 edidit,
709 2860 750 2894 ea·
787 2843 927 2892 mulacrum
954 2843 1003 2892 lroc
1028 2842 1168 2903 dedicavit,
1192 2843 1314 2892 CCCLi'.

220 2915 278 2979 pits
294 2931 327 2966 ex
343 2933 374 2968 eo
390 2919 522 2983 principos
532 2921 662 2982 excerpsit
672 2920 749 2968 Csus·
787 2917 887 2966 dierum
920 2932 977 2966 esse
1010 2919 1169 2968 solummodo
1200 2918 1316 2968 sciverit.

219 2993 289 3041 sinus
307 3001 404 3056 noster,
425 2995 450 3042 in
470 2995 632 3057 Eloquentiae
653 2994 750 3043 Parall.
789 2993 903 3053 Primus,
913 2993 1013 3056 opinor,
1026 2993 1169 3050 Manutius,
1180 2993 1205 3040 in
1222 2991 1317 3042 editio·

222 3066 255 3116 de
266 3066 392 3115 Pronum.
411 3073 437 3115 et
454 3067 539 3116 Geato
559 3081 599 3118 rx.
616 3083 643 3131 qr.
658 3073 750 3119 dd⁵.-
788 3081 821 3118 ue
832 3081 878 3118 sus
890 3068 948 3118 aaut
960 3071 1032 3116 1⁵59.
1050 3068 1222 3131 quinquaginta
1234 3074 1317 3116 muta·

222 3142 230 3169 ‘
240 3141 296 3192 Nos
306 3155 367 3190 saro
378 3155 431 3191 reru
441 3141 581 3205 simplicius
590 3144 751 3206 exponimus.
789 3143 826 3192 rit
836 3143 862 3191 ln
872 3142 1015 3204 aeratae:
1035 3143 1084 3193 Ed.
1096 3157 1148 3204 sec.

222 3215 407 3268 Existimarem
418 3217 485 3266 euim
502 3224 556 3266 tres
573 3218 674 3281 priores
686 3218 750 3281 diqi·
821 3215 833 3252 ¹
850 3219 907 3267 AEai
921 3233 945 3268 ss
964 3219 1054 3281 Deam]
1072 3218 1231 3274 Cadianuiu
1249 3219 1317 3268 Con·

222 3299 265 3344 tos
276 3291 312 3342 its
324 3301 453 3347 curvatos,
465 3299 495 3341 ut
510 3293 609 3343 literam
622 3294 643 3342 C
656 3301 696 3342 ter
706 3309 752 3344 ex·
790 3293 967 3358 strutinopali,
980 3308 1005 3358 p.
1016 3297 1056 3342 18.
1073 3293 1157 3346 tamt
1172 3293 1263 3358 nerias
1272 3296 1318 3344 soi

222 3368 654 3430 hiberorumproindeuomerum
663 3375 751 3422 mecau-
790 3367 887 3432 χρόνον.
1238 3427 1241 3434 ,

222 3448 314 3494 imm:
331 3450 451 3508 quartum
464 3443 558 3493 deinde
569 3443 676 3508 digitum
687 3445 751 3496 solur
822 3446 828 3478 ¹
846 3447 923 3509 Signa
943 3461 1031 3510 quoqne
1055 3445 1195 3508 Tuscanica]
1213 3445 1319 3498 Plrinlas

224 3531 384 3582 apprensum,
411 3526 438 3570 et
460 3517 541 3586 literar
565 3519 587 3568 1.
608 3520 753 3570 similitudi·
792 3537 893 3585 qunque
910 3536 1000 3572 aureas
1018 3523 1043 3572 iu
1060 3523 1154 3572 Turris
1174 3523 1320 3578 elaboratas

224 3609 293 3656 uem,
315 3609 345 3643 ac
369 3593 478 3657 proinde
507 3595 753 3660 quinquagenarium
791 3596 985 3647 larrdatCritiss
997 3598 1076 3662 quiite
1087 3598 1156 3660 aprrd
1166 3597 1262 3648 Athen.
1274 3600 1321 3651 lib.

223 3685 377 3720 nnmerum:
406 3670 515 3732 digitum
544 3670 653 3735 denique
680 3673 754 3722 miul-
792 3675 901 3735 nuti.
927 3671 1321 3738 τυρσηνὴδὶκρατεῖχρνσότπω

224 3759 295 3795 mum
319 3744 414 3792 leniter
437 3743 568 3806 inflexum,
590 3755 620 3796 ot
642 3747 675 3808 V,
695 3760 754 3812 qrrae
792 3745 877 3810 φιάλη.
909 3748 1020 3798 Duriora
1037 3749 1111 3812 sigua
1128 3759 1156 3799 et
1171 3749 1321 3802 Tuscanicis

225 3821 310 3872 farma
328 3819 438 3884 quinarii
464 3828 515 3884 est,
540 3828 757 3885 representaret:
794 3822 966 3887 prosimusit
979 3823 1150 3875 Quintilsrr.
1169 3828 1208 3874 to.
1227 3829 1322 3889 ausu

227 3895 276 3948 Ed.
286 3910 345 3966 ιιι.1
794 3907 824 3948 nt
835 3898 955 3962 rigidiora
967 3897 1045 3949 inisse
1062 3899 1205 3950 Trrscsuica
1222 3901 1320 3952 innuat.

258 3970 267 4013 t
284 3967 464 4032 Quinquaginta
474 3969 626 4035 [rexngirrta]
643 3973 756 4039 quinque]
793 3973 868 4023 Ideru
887 3987 912 4036 p.
923 3978 979 4026 802·
994 3981 1093 4024 sutum
1105 3975 1213 4025 Gracas
1224 3976 1321 4028 Tusca·

228 4047 271 4098 lta
284 4047 348 4108 Rea·
360 4049 384 4094 2.
396 4059 446 4094 nou
457 4046 637 4113 quinquaginta,
653 4059 685 4100 ut
698 4051 756 4101 libri
794 4049 858 4098 nicia
868 4047 1013 4110 anteponit.

228 4117 284 4171 fere
296 4135 384 4172 ornnes
395 4121 476 4171 editi:
494 4122 544 4172 etsi
556 4137 649 4174 annium
663 4127 756 4187 Numa,
827 4133 845 4158 ὓ
864 4123 1054 4188 Csicaqnorrren]
1071 4125 1238 4187 Misoromrei.
1248 4134 1276 4179 ut
1286 4129 1323 4182 di-

229 4195 272 4263 qui
283 4195 445 4247 simulacrum
455 4197 503 4248 hac
514 4197 655 4257 dedicarit,
665 4213 756 4253 eccur.
795 4213 881 4252 remus
894 4201 920 4252 in
931 4198 1073 4251 Aoetomm
1085 4198 1186 4260 Iudice.
