3106 4892
465 399 553 447 nar.
576 399 673 448 urse.
698 400 771 447 cru.
795 383 1011 448 xxxv1.67.
1199 382 1285 450 ’4781

191 540 410 606 militudinem
431 542 566 625 lapidis,
582 562 679 626 quem
703 544 736 606 in
761 542 936 624 AEtlriopia
958 541 1081 606 invenit
1095 539 1287 618 Olnsidius,b

193 642 356 724 nigerrimi
371 645 514 720 coloris,e
537 643 716 728 aliquando
731 653 766 708 et
789 643 1169 720 translucidi‚‚crassi0re
1185 640 1288 720 visn,‘l

193 751 296 826 atque
312 745 343 807 in
359 745 528 826 speculis¹
550 746 714 828 parietum
735 765 794 828 pro
808 746 951 826 imagine
967 745 1100 808 umbras
1116 743 1287 808 reddente.

192 845 353 911 Gemmas
368 848 486 913 multi·
508 869 553 913 ex
568 869 610 912 co
625 848 773 914 faciunt:
797 848 1007 932 vidimusque
1021 855 1055 912 et
1067 848 1194 912 solidas
1205 847 1287 912 ima·

193 948 285 1028 gines
297 949 377 1012 Divi
390 946 644 1032 Angusti,capti
660 951 807 1014 materiae
822 949 920 1031 hujus
936 947 1150 1012 crassitudine
1160 955 1184 1012 :²
1196 947 1287 1012 dica-

192 1050 308 1132 vitque
320 1051 393 1133 ipse
404 1070 465 1133 pro
481 1051 644 1116 miraculo
655 1052 688 1115 in
703 1052 830 1135 templo
844 1045 1062 1116 concordiens
1082 1047 1287 1114 Obsidianoa

193 1159 336 1235 quatuor
351 1151 556 1234 elephantos.
601 1151 748 1216 Remisit
763 1159 796 1215 et
810 1153 966 1216 Tiberius
986 1149 1105 1214 Caesar
1119 1148 1287 1232 Heliopo-

144 1311 148 1318 .
192 1251 323 1316 litatum
337 1253 538 1316 caerimoniis
554 1259 711 1336 repertam
727 1253 774 1316 ibi
785 1253 819 1316 in
834 1252 1028 1317 haereditate
1040 1251 1114 1335 ejus
1127 1250 1186 1334 qui
1203 1269 1288 1333 prae·

192 1351 301 1417 suerat
314 1353 465 1435 AEgypto
485 1352 704 1418 Obsidiauam
727 1354 900 1436 imaginem
928 1351 1106 1418 Menelais
1150 1352 1205 1416 Ex
1221 1371 1288 1434 quo

194 1461 336 1537 apparet
357 1455 526 1538 antiquior
539 1455 687 1520 materiae
700 1457 802 1536 origo,
817 1473 906 1519 nunc
920 1455 995 1519 vitri
1011 1453 1227 1517 similitudine
1237 1454 1288 1517 in·

194 1554 382 1636 terpolata.¹
417 1554 630 1620 Xenocrates
642 1555 861 1621 Obsidianum
876 1555 1021 1639 lapidem
1038 1555 1072 1618 in
1089 1553 1196 1631 India,
1212 1560 1245 1619 et
1255 1555 1288 1619 iu

194 1655 354 1721 Samnioh
378 1656 501 1736 Italiae,
516 1664 548 1722 et
563 1656 605 1721 ad
622 1656 790 1721 Oceanum
803 1657 837 1721 in
854 1652 1039 1740 Hispaniai
1062 1655 1154 1721 nasci
1174 1655 1288 1721 tradit.

196 1757 253 1822 Fit
275 1763 308 1822 et
330 1756 498 1824 tincturael
521 1778 635 1842 genere
657 1757 889 1836 Obsidiauum,
914 1759 956 1822 ad
980 1759 1110 1822 escaria
1135 1777 1230 1834 vasa,
1255 1765 1290 1822 et

194 1864 301 1924 toturn
315 1860 438 1924 rubens
453 1861 597 1936 vitrum:
619 1865 721 1941 atque
736 1878 801 1922 non
817 1859 1040 1938 translucens,
1064 1855 1287 1923 haematinonl

226 2049 238 2073 ⁸
258 2039 298 2090 Fit
316 2040 388 2090 etiem
408 2045 470 2090 certo
492 2041 591 2104 mem
613 2039 724 2089 tinctam
743 2053 830 2101 germ
850 2046 877 2090 st
900 2039 1001 2104 lapidem
1026 2038 1182 2089 Odsidiuesm
1203 2037 1290 2089 radens

193 2106 282 2154 citrum
293 2107 425 2165 oemnlnur.

652 2181 801 2203 0000000000
803 2182 832 2202 00

228 2281 293 2331 Can.
312 2294 379 2332 uvrr.
412 2287 426 2332 l
445 2281 510 2332 Cod.
523 2282 611 2332 Drlse.
621 2280 648 2329 is
658 2281 833 2344 speluncis-2
850 2280 891 2330 lta
908 2294 941 2329 ex
957 2279 1033 2330 cedri.
1045 2280 1196 2330 Hardninns
1207 2287 1234 2330 et
1248 2295 1289 2336 re-¹

195 2355 275 2398 centt.
292 2347 333 2398 lta
344 2359 448 2413 qunque
456 2347 514 2396 eod.
525 2347 618 2396 Dalec.
640 2347 742 2398 muteris
752 2346 822 2407 tan'sa
831 2345 995 2395 mussitsdisis
1005 2346 1120 2396 Gronov.
1132 2354 1159 2395 et
1170 2347 1289 2410 vnlgg.-·

688 2489 795 2543 NOTAE

227 2591 289 2640 *Et
310 2588 455 2653 Odsidisss]
478 2587 725 2641 Poculst'nerelsta
766 2590 912 2643 Obsidiusis.
939 2591 1038 2640 'famen
1050 2587 1171 2646 Arriano,
1181 2590 1291 2654 'oqmsls

194 2664 307 2723 factitis,
329 2666 362 2716 ad
379 2667 570 2717 similitudinem
588 2667 724 2718 Obsidiuai
761 2666 834 2716 anos.
875 2668 908 2716 Et
931 2666 1044 2725 Isidoro,
1064 2666 1183 2714 ‘Obsius
1206 2665 1290 2730 lapis!

195 2755 227 2790 es
239 2740 369 2806 AEtlrlupia
381 2741 482 2805 lapidis.
762 2743 793 2792 ln
806 2741 956 2803 Pandectis,
968 2745 976 2771 ⁸
986 2742 1116 2792 Obsianns
1128 2741 1210 2806 lapis-¹
1227 2742 1291 2790 For·

228 2817 240 2851 '²
253 2817 379 2881 Olsirliss]
390 2818 499 2870 (lauteri
511 2819 657 2886 inscriptio,
666 2834 724 2884 pag.
763 2826 790 2869 te
800 2818 848 2868 tsi
863 2820 907 2877 τῆς
923 2816 1007 2881 ὄψιος,
1019 2833 1034 2866 s
1044 2817 1107 2881 nisa,
1120 2831 1166 2866 seu
1182 2817 1291 2866 transtu·

195 2896 237 2943 ⁷2.
253 2907 386 2944 onsrnrvs.
399 2907 495 2944 nurse.
762 2902 837 2944 cente
850 2903 951 2944 nature.
1251 2929 1253 2936 -

228 2976 239 3002 ⁸
257 2970 498 3035 Nigerriraiesioris]
515 2969 631 3023 Isidorus
649 2970 724 3035 Orig.
794 2971 935 3034 sMsselea]
947 2966 1291 3031 aeternumspiritu-

197 3059 256 3096 xvr.
270 3050 310 3095 td.
328 3045 390 3095 ‘Eat
402 3053 489 3096 autem
500 3046 573 3109 niger
583 3045 724 3104 interdum.
762 3047 827 3097 clam
840 3055 963 3113 repetens
975 3045 1000 3094 iu
1012 3043 1153 3107 AEgypnrm
1171 3051 1211 3094 est
1228 3053 1291 3094 tem·

196 3129 223 3170 et
235 3120 320 3171 uirens
337 3121 485 3185 aliqnando,
497 3129 525 3171 et
541 3121 725 3182 translucidus,
763 3130 866 3185 pestate
879 3122 990 3173 delatus.
1023 3118 1092 3168 Vide
1111 3117 1209 3182 Hygiu.
1228 3119 1292 3170 aab.

197 3199 322 3248 cruciere
331 3197 428 3253 rismet
439 3197 465 3247 in
476 3199 588 3262 speculis
600 3199 723 3263 parietum
762 3211 865 3248 cxvrrr.

196 3288 244 3338 pro
265 3273 377 3337 imagine
397 3274 500 3324 umbras
519 3273 663 3325 reddente!
690 3275 725 3324 Et
795 3270 808 3305 ¹
838 3275 871 3322 Et
892 3273 918 3322 is
938 3269 1048 3332 Semo]
1081 3270 1210 3320 lsidornm
1230 3270 1291 3320 irinc

197 3363 255 3413 cap.
279 3353 305 3399 4.
330 3348 472 3400 ‘Obsidins
492 3349 557 3415 lapis
578 3350 653 3414 niger
674 3357 723 3404 est,
763 3347 921 3410 emendabis,
941 3349 984 3412 qni
1005 3347 1069 3396 locis
1087 3348 1134 3396 cit.
1152 3348 1195 3396 ‘in
1214 3345 1294 3395 Samo

197 3424 381 3488 translucidae,
392 3434 421 3476 et
431 3426 490 3477 vitri
501 3427 598 3476 habens
609 3426 725 3476 similitu·
762 3422 863 3473 ltalies'
875 3423 952 3473 dixit.

197 3503 294 3554 diuers.
326 3503 438 3554 Ponitur
460 3505 486 3554 in
505 3503 618 3567 speculis
641 3504 725 3567 parie-
794 3500 848 3549 lla
867 3498 1002 3563 Hisponis}
1025 3496 1056 3546 Iu
1073 3495 1292 3546 Lusitaniaeerte

197 3585 262 3636 turn,
274 3587 382 3644 propter
398 3581 535 3644 imaginum
551 3577 654 3628 umbras
667 3577 725 3630 rad·
763 3576 881 3640 reperiri,
893 3576 1051 3637 visamquea
1066 3585 1094 3620 ee
1114 3571 1189 3620 ollam
1208 3587 1241 3622 ex
1259 3586 1295 3622 eo

200 3657 317 3709 dendus?
763 3649 849 3713 lupide
872 3648 1038 3712 perpolitum,
1064 3645 1153 3695 scribit
1176 3647 1296 3697 Vascone

230 3733 242 3768 t
261 3733 385 3783 crassiore
405 3729 467 3794 eise]
493 3729 610 3782 crassius
633 3731 725 3794 multo,
763 3727 862 3776 celitus.

198 3823 276 3875 quam
288 3811 392 3863 vitrum.
404 3809 488 3857 lucem
502 3807 661 3857 transmittit.
792 3800 803 3845 l
819 3802 861 3852 Fit
872 3804 896 3851 et
912 3797 1034 3862 smine]
1058 3798 1101 3850 Sic
1120 3801 1173 3863 typi
1194 3813 1293 3858 omnes,

230 3893 242 3919 ⁶
260 3885 372 3934 Gerasam
382 3882 464 3946 muti]
480 3882 595 3932 Isidorus
608 3882 669 3932 locis
680 3881 727 3932 cit.
764 3886 791 3927 at
803 3878 866 3928 Mas.
878 3876 1049 3941 nequicquam
1066 3875 1219 3924 immutante
1233 3875 1292 3926 Sat·

199 3961 321 4012 Gemmas
333 3957 432 4020 tspldes
443 3959 595 4008 annulorum
608 3965 692 4006 vocar.
764 3955 854 4009 masio,
863 3954 889 4002 iu
900 3952 979 4002 Satin.
991 3965 1051 4014 pag.
1067 3955 1108 4000 ar.
1127 3951 1168 3999 Fu
1189 3955 1212 4000 et
1230 3951 1293 4000 tirre-

234 4033 295 4085 ‘ls
317 4035 401 4096 tesrple
427 4031 574 4094 Concordia]
607 4030 726 4096 Reglcue
763 4034 818 4077 tsrs
829 4042 955 4090 exgenere
968 4025 1104 4084 Oisidiurrs',
1114 4028 1156 4087 qe.

200 4110 278 4160 Urbis
298 4116 400 4160 octava.
434 4107 492 4158 Hoc
512 4109 569 4158 loco
584 4105 728 4158 Otsidisrses
797 4103 809 4136 ¹¹
838 4098 1004 4162 Hoemstlson]
1034 4096 1169 4164 aaaron,
1194 4100 1293 4162 nugat

199 4187 278 4236 ettam
288 4185 379 4235 sentit
390 4183 457 4248 Reg.
467 4187 492 4234 2
501 4183 561 4233 alibi
575 4182 726 4234 osmer
765 4193 842 4231 mla.

201 4260 344 4312 otram:
361 4259 547 4312 sedmendcse.
578 4257 671 4322 ludex,
689 4257 727 4308 Da
