3058 4888
427 406 514 455 nnn.
539 407 637 456 nrsr.
664 407 734 456 mn.
760 407 919 460 xxxvrr.
940 397 996 462 23.
1177 399 1263 466 4837

168 549 382 613 transeunte!
425 549 501 614 Has
518 549 610 614 Indis
624 570 690 615 nen
704 552 838 618 habitas
851 555 885 618 in
897 553 1021 619 honere
1043 555 1262 624 Zenothemis

166 650 299 715 scribit:
321 657 425 716 tantae
439 651 524 716 alias
537 651 787 735 magnitudinis,
802 665 841 720 ut
857 657 934 722 inda
951 659 1111 741 capulos·
1129 651 1261 726 factitii

166 759 246 817 rent.
294 753 425 818 Etenim
448 762 600 821 constat*
625 757 672 821 ibi
688 759 890 824 terrentibus
912 759 1034 842 detegi.
1083 761 1126 825 Et
1146 763 1260 844 placu-

165 852 236 916 isse
259 854 292 916 in
315 867 429 919 nestro
450 858 530 921 orbe
545 859 649 935 initio,
666 861 823 942 quoniam
840 862 923 926 seiae
938 881 1043 944 prope
1059 881 1260 944 gemmarum

165 955 309 1038 scalptae
336 967 468 1022 ceram⁷
491 979 556 1023 nen
579 962 789 1026 auferrent.dv
833 963 1064 1028 Persuasimus
1085 963 1204 1028 deinde
1226 971 1261 1030 et

165 1056 271 1135 Indis,
287 1065 323 1120 ut
345 1060 409 1142 ipsi
430 1081 568 1144 queque
585 1064 627 1126 iis
642 1064 836 1145 gauderent.
881 1065 1059 1150 Utiturqna
1081 1069 1259 1150 petieratis

163 1158 278 1244 ntique
293 1162 421 1243 vulgus,
437 1171 561 1228 tanturn
577 1165 611 1227 in
628 1165 729 1229 cello.
769 1167 813 1231 Et
824 1167 888 1232 hec
902 1175 954 1231 est
968 1157 1059 1232 nunc
1069 1167 1258 1234 Indicarum

162 1271 402 1341 argumentum.
454 1264 612 1330 Arabicae
638 1267 803 1332 excellunt
828 1267 971 1332 candere
993 1269 1110 1332 circuti
1136 1271 1257 1351 prmiu-

161 1359 262 1425 cide'
287 1369 387 1446 atque
408 1383 473 1429 nou
496 1366 621 1448 gracili,
638 1387 748 1450 neque
772 1369 806 1432 in
831 1387 961 1433 recessu
986 1387 1134 1450 gemmae,
1149 1379 1209 1434 aut
1224 1371 1257 1433 in

161 1462 295 1547 dejectu
317 1464 540 1544 recidentur*
551 1468 623 1532 ‘sed
640 1471 672 1532 in
689 1471 770 1552 ipsis
785 1471 1007 1534 umbonibus⁸
1025 1471 1156 1546 nitente,
1170 1489 1257 1554 proe-

160 1571 250 1630 terea
275 1567 440 1633 substrato
461 1569 636 1652 nigerrime
661 1571 814 1635 celere.¹⁰
856 1571 899 1636 Et
918 1571 982 1635 hec
1000 1571 1034 1634 in
1056 1570 1179 1635 Indicis
1202 1591 1257 1636 ce·

159 1685 252 1731 reum
265 1674 325 1732 aut
338 1687 492 1734 cerneum
506 1671 681 1750 invenitur,
693 1674 794 1737 etiam
810 1674 925 1738 circuli
940 1672 1026 1737 albi:
1049 1670 1204 1756 quaedam
1219 1665 1255 1737 i'n

158 1769 204 1834 iis
226 1769 376 1834 coelestis
398 1789 495 1836 arcus
518 1773 721 1839 anhelatie¹¹
742 1783 841 1839 ecrit!y
884 1774 1087 1859 Superticies
1103 1792 1183 1837 vere
1205 1773 1268 1838 le·'

177 1950 203 2028 '⁵
220 1953 253 2029 iit
264 1953 299 2030 u,
308 1955 369 2018 qaod
380 1955 454 2030 argei
469 1955 569 2034 Quae
580 1957 660 2033 ¹rinrite
674 1964 719 2022 ert,
728 1957 828 2006 erim
835 1958 952 2012 inritatur,
965 1959 1026 2006 uetat
1035 1959 1147 2034 ‘iunctm
1157 1957 1255 2008 candori

156 2019 564 2134 ...rm
576 2023 716 2134 ...333
724 2088 1156 2148 ....

189 2153 200 2178 ‘
216 2146 300 2210 Neque
309 2163 362 2198 ran
372 2149 464 2209 longiae
471 2163 564 2211 genna
574 2156 738 2214 mmmmm,
748 2156 791 2200 cart
799 2165 853 2199 cunr
863 2149 982 2211 dejicitur,
992 2152 1100 2200 arridet:
1116 2153 1157 2199 red
1168 2149 1252 2212 inipso

157 2209 282 2260 andidicu:
298 2213 338 2262 cai
354 2213 513 2262 uenenum
533 2214 602 2276 niger
620 2215 697 2264 rotor:
719 2215 746 2263 in
765 2215 857 2264 Indicia
873 2213 1056 2276 aardenyrditru
1073 2229 1153 2264 eereur
1171 2215 1253 2275 etiarn,

154 2289 363 2404 31:³73&qu
362 2278 458 2391 ¹eglg‘et
475 2277 523 2328 aur
533 2293 622 2342 qaoque
631 2279 716 2328 circuli
725 2279 853 2343 alicunde
860 2285 911 2330 ert.-
928 2279 1035 2341 eandm
1044 2284 1066 2329 et
1079 2279 1105 2329 ia
1116 2279 1174 2343 ipair
1184 2293 1252 2330 urm

155 2531 289 2585 Audacter
301 2541 395 2586 tamen.
430 2535 514 2586 Nemo
526 2537 593 2585 enirn
602 2538 768 2602 antiquorum
779 2537 936 2602 scripturum
946 2539 1012 2588 dixit
1025 2541 1033 2566 ‘
1041 2535 1182 2587 incratnm’
1199 2537 1247 2586 trec

155 2613 241 2648 sensti.
282 2600 452 2649 Retinendnm
470 2615 532 2662 crgo
549 2603 679 2659 ereditm
696 2610 725 2650 ut
745 2603 854 2652 dicimur
871 2607 965 2653 creden
981 2602 1053 2653 terrie
1069 2602 1175 2657 ceruina,-
1190 2607 1218 2650 et
1235 2615 1251 2650 c

154 2663 267 2713 candide
279 2664 366 2726 pingui
378 2666 492 2714 excritur
502 2665 616 2721 minium,
627 2675 656 2716 ut
668 2674 769 2728 segetes
780 2683 794 2716 a
806 2660 893 2718 tarra?
910 2666 1016 2716 Bretier.
1051 2681 1104 2728 uere
1115 2681 1161 2715 non
1172 2670 1252 2714 urae·

153 2729 241 2784 iacent,
253 2731 332 2791 qadim
341 2733 396 2778 neat
408 2729 528 2791 Amticoe,
538 2745 612 2779 raeeua
621 2745 659 2792 ap.
671 2745 723 2792 qaoe
733 2745 794 2780 nanc
810 2747 872 2781 narn.
883 2731 1010 2790 adrtatere,
1020 2731 1083 2779 netto
1094 2729 1167 2778 Surd.
1178 2729 1249 2778 certi·

151 2793 204 2854 gie.
240 2794 366 2856 creuerant
381 2793 444 2855 pler.
455 2793 565 2854 tarne
577 2796 619 2844 cet.
631 2797 676 2842 int.
688 2795 768 2844 radice
778 2797 849 2858 nigra
860 2795 1069 2845 rnedieroeraiearn
1080 2794 1197 2854 incitante,
1208 2797 1251 2842 aut

153 2871 264 2919 angon.
298 2857 423 2906 Tuditani
439 2859 512 2906 etiarn
527 2858 627 2907 candido
640 2857 727 2920 pingui
745 2859 806 2910 Vct.
819 2861 909 2909 Datur.
937 2865 961 2909 et
978 2873 1056 2920 mear
1074 2857 1250 2907 andnimand.

153 2921 248 2970 Daiac.
274 2927 297 2971 et
309 2936 424 2983 angam:
439 2922 746 2983 meduaneninrcaadidr,
762 2926 803 2985 tre.
820 2923 880 2974 add.
898 2930 964 2973 vett.
983 2931 1011 2972 et
1025 2922 1141 2972 (irenen.
1176 2922 1249 2981 Mea,

152 2987 254 3048 gardan
273 2985 349 3050 aperie
366 2984 427 3034 Vct.
446 2985 589 3035 Datne-i
609 2985 672 3036 ced.
688 2985 777 3036 Daiec.
792 2990 1012 3051 rcctptumcerae.
1047 2987 1172 3047 iterum
1184 2985 1250 3044 aase-

150 3055 208 3099 rant
218 3049 277 3100 cod.
291 3051 431 3100 baiae-8
447 3049 512 3099 cod.
526 3049 615 3100 Baiae.
631 3051 731 3100 undere
747 3067 769 3101 r.
785 3067 857 3116 prope
871 3051 1009 3102 darida-9
1025 3052 1033 3081 ⁶
1047 3051 1106 3100 Noc
1118 3051 1184 3099 maie
1196 3063 1249 3098 rua·

152 3113 203 3164 dira
225 3115 361 3164 editionea.
396 3113 427 3163 la
446 3114 567 3164 Editicne
587 3115 717 3178 principe,
733 3116 859 3167 renitente.
893 3114 1018 3165 Eruditua
1036 3114 1195 3170 Harduiuua,
1212 3113 1248 3162 ri·

152 3180 229 3230 dente.
264 3179 394 3241 corrupta
416 3179 441 3227 iu
468 3179 519 3228 Mn.
538 3178 604 3243 Bag.
622 3185 646 3228 ὅ.
661 3181 721 3228 rinc
738 3180 839 3242 ridente,
857 3187 885 3230 at
904 3181 930 3240 iu
955 3179 1082 3242 margine,
1102 3177 1248 3228 rinredente.'

151 3244 266 3293 Bretiar.
306 3243 378 3291 ‘Mu
395 3243 455 3291 rirae
476 3243 583 3293 ridente.-
601 3244 669 3306 tego,
683 3244 786 3303 prienen
807 3245 922 3295 arridere.
965 3245 1026 3292 Vet.
1043 3244 1196 3299 remittenter
1213 3243 1247 3291 ai.

153 3315 218 3357 ratt.
227 3307 366 3357 renidente!
383 3307 472 3356 Daiac.
506 3305 599 3357 ridente
610 3306 737 3357 Harduin.
751 3313 773 3357 l.
784 3313 808 3358 Ξ.
818 3313 844 3358 t.
861 3309 956 3359 Mitter.
967 3308 1074 3370 Bipect.
1083 3315 1110 3356 et
1123 3307 1247 3356 Franz.-

150 3375 182 3420 1⁰
194 3371 236 3421 ita
245 3386 278 3422 ex
290 3371 366 3422 codd.
379 3369 529 3420 Harduiuns
541 3379 569 3420 et
580 3380 690 3421 meantt.
714 3373 833 3422 mistreto
843 3373 970 3434 nigerrimi
979 3372 1064 3421 mtorin
1075 3370 1134 3419 edd.
1143 3379 1207 3418 vett.
1218 3375 1247 3418 at

149 3435 266 3486 Grcuer.
290 3436 413 3486 redetrcte
423 3435 548 3497 agmini
558 3436 642 3485 rctrrie
653 3438 715 3486 Vet.
726 3436 883 3487 Baiae-ll
895 3437 956 3488 Vct.
969 3436 1057 3485 Daiec.
1072 3434 1191 3484 audatie
1200 3437 1245 3483 ert.

1238 3516 1243 3544 i

642 3583 751 3634 NO'l'AE

182 3687 194 3713 ¹¹
212 3679 422 3744 Eteninrernetut]
439 3677 555 3729 Iaidcrur
571 3680 621 3729 icc.
632 3678 677 3729 cit.
718 3680 813 3730 retiera
824 3677 925 3728 nescit.¹

148 3757 183 3807 de
200 3754 373 3819 sardonyche:
399 3756 407 3783 ⁸
427 3756 569 3820 Raperitur
590 3763 678 3805 autam
750 3763 766 3788 '
783 3755 917 3804 Renidente
928 3752 1044 3818 [ridente]
1060 3751 1092 3801 Iu
1104 3751 1169 3802 Mar.
1186 3752 1246 3801 rirne

148 3831 218 3896 apud
230 3831 308 3881 Indos
320 3839 346 3880 et
357 3827 457 3880 Arabes
464 3829 568 3881 detecta
577 3837 678 3880 terren·
724 3831 824 3880 rr'dente.
850 3828 921 3879 Libri
931 3828 1042 3892 vulgati,
1051 3827 1180 3878 residente.

148 3906 237 3958 tibus?
637 3907 639 3914 '
748 3915 761 3941 ⁸
777 3903 1081 3969 Sedinipriaanrdaniirae]
1098 3903 1243 3966 Parapina-

179 3993 190 4016 '
218 3985 303 4033 Cerere
323 3997 369 4031 nen
396 3981 530 4044 remen]
561 3979 676 4032 laidorm
714 3983 748 4034 eie
760 3983 840 4032 Setini
852 3995 874 4031 c.
886 3985 926 4032 88.
938 3985 1013 4045 ΜΒ.
1023 3981 1054 4030 de
1065 3978 1242 4042 sardonyche:

148 4061 223 4124 orig.
239 4073 299 4109 xri.
310 4061 334 4107 8.
346 4058 379 4107 da
393 4057 570 4121 sardonyche:
590 4055 677 4106 ‘Hac
715 4057 864 4108 ‘Medietaa
883 4056 1033 4107 circumitur
1054 4055 1137 4104 limite
1153 4053 1242 4104 candi·

145 4135 220 4199 rora:
232 4134 324 4199 inquit,
334 4135 343 4163 ‘
355 4133 381 4182 tu
392 4132 517 4195 aiguandc
533 4131 596 4181 nihii
607 4147 675 4182 cerea
715 4142 792 4184 cante
847 4133 961 4196 .reiiqua
972 4131 1044 4194 nigre
1055 4129 1197 4180 finiuntur!
1235 4141 1238 4150 ’

146 4211 255 4263 eretur?
283 4207 587 4272 Marbcdeuadclrapid.
603 4209 675 4258 Prct.
747 4209 886 4259 ’Creteatia
904 4223 973 4258 errae
990 4204 1120 4268 amaru]
1146 4207 1243 4258 Adum-

145 4293 218 4342 mtd.
236 4284 506 4350 ‘Hicaciuaiapidum
518 4297 603 4336 ceram
614 4299 674 4335 ceu·
717 4284 810 4351 bratie,
829 4283 976 4336 inchoaticr
994 4289 1072 4348 atque
1091 4283 1134 4332 itta
1147 4285 1241 4334 celeria
