3128 4892
478 351 563 404 unu.
587 349 685 402 ater.
711 349 781 400 ιιι.
806 351 933 400 xxxv.
953 337 1008 402 36.
1202 337 1288 402 4⁶89

198 501 343 571 euntem,
357 501 365 532 ¹
381 496 409 560 si
428 495 566 560 redisset
581 496 647 570 ille,
662 494 860 571 ostenderet,
876 493 1097 577 adjiceretque
1112 492 1196 558 lruuc
1210 513 1286 560 esso

198 615 299 678 quem
327 596 518 678 quaereret?
555 603 654 677 atque
682 596 731 660 itu
758 595 878 660 evenit.
938 593 1131 658 Revertitnr
1159 595 1285 658 enim⁴⁸

196 695 348 778 Apelles,
363 698 423 760 sed
444 697 533 762 vinci
555 697 768 768 erubescens,
793 696 888 758 tertio
912 694 1021 758 colore
1040 692 1144 756 lineae
1166 693 1285 764 secuit,

197 795 321 860 uullurn
342 798 529 878 relinquens
544 795 689 878 amplius
703 794 881 858 subtilitati
890 799 919 844 ⁴⁹
940 794 1059 858 locum·
1104 791 1152 856 At
1168 792 1286 857 Proto-

196 913 292 976 genes
314 896 439 958 victum
462 914 501 959 se
516 895 701 970 confessus,
717 893 751 956 in
766 899 898 975 portum
914 892 1098 970 devolavit,
1113 892 1285 974 hospitem

197 1014 358 1078 quaereus.
401 995 600 1078 Placuitque
621 995 670 1058 sic
685 1013 759 1058 eam
775 993 920 1058 tabulam
935 994 1080 1076 posteris
1101 993 1197 1069 tradi,
1214 1011 1285 1056 orn*

197 1097 287 1160 nium
313 1093 457 1178 quidem,
478 1095 536 1159 sed
562 1095 722 1159 artificum
747 1095 956 1177 proeoipuo⁵⁰
979 1093 1153 1158 miraculo.
1197 1091 1283 1156 Gon·

196 1201 339 1260 sumtum
363 1214 437 1261 earn
460 1197 568 1279 priore
588 1194 762 1258 incendio·
784 1195 903 1258 domus
926 1193 1073 1258 Ctesaris
1093 1195 1128 1258 in
1149 1192 1283 1256 Palatio

197 1295 314 1360 audio:
338 1303 520 1378 spectatam
542 1294 621 1358 olim
644 1302 737 1358 muto
752 1296 862 1377 spatio
878 1294 957 1360 nihil
970 1293 1092 1358 aliud⁵¹
1115 1292 1283 1356 eontinen-

196 1404 273 1475 tenr,
289 1415 389 1478 quam
405 1394 512 1458 lineas
527 1395 632 1458 visum
648 1393 849 1475 effugientes,
865 1395 950 1458 iuter
964 1395 1092 1476 egregia
1108 1392 1284 1456 multorum

196 1513 297 1579 opera
311 1496 400 1560 inani
414 1492 580 1571 similem,b
594 1499 628 1558 et
641 1513 681 1557 eo
697 1493 771 1578 ipso
786 1494 1001 1570 allicientem,
1016 1493 1172 1574 omnique
1186 1511 1284 1576 opere

196 1597 405 1662 nobiliorem.
551 1580 560 1596 '
917 1629 922 1642 ·
965 1681 967 1684 Ι

238 1697 349 1780 Apelli
369 1695 433 1762 snit
454 1697 579 1779 alioqui
606 1702 769 1782 perpetuu
794 1695 1008 1773 consuetudo,
1030 1714 1193 1778 nunqnam
1216 1700 1284 1760 tem

196 1803 391 1879 occupatam
411 1797 499 1861 diem
524 1795 655 1876 agendi,
670 1803 708 1858 ut
729 1815 795 1859 non
815 1796 936 1861 lineum
953 1795 1105 1860 ducendo
1119 1799 1286 1859 exerceret

197 1903 316 1961 artem:
340 1897 430 1978 quod
456 1897 499 1960 ab
522 1917 562 1960 eo
577 1897 611 1961 iu
632 1897 861 1978 proverbium‘
877 1898 978 1960 venit.
1022 1895 1115 1959 Idem
1138 1893 1284 1976 perlecta

177 2015 300 2084 vopera
320 1997 525 2080 proponebat
548 1997 583 2059 iu
605 1993 800 2079 pergulas*
823 1996 1076 2072 transeuntibus,
1092 1998 1192 2076 etque
1207 1998 1285 2075 post

196 2097 305 2178 ipsam
331 2095 478 2159 tabulam
505 2097 611 2159 latens
636 2095 719 2159 vitia
747 2113 824 2177 quae
848 2101 1038 2158 notarentur
1063 2094 1284 2171 auscultabat,

197 2195 331 2278 vulgum
354 2195 611 2277 diligentiorem·
628 2195 777 2277 judicem
800 2216 900 2279 quem
924 2215 961 2260 se
982 2194 1174 2278 praeferens.
1221 2193 1284 2258 Fe·

653 2357 787 2378 OOOOOOOO
789 2357 834 2378 m

196 2451 269 2502 lderu
279 2444 371 2511 rodes,
381 2441 461 2514 ipsura
474 2456 530 2501 tusc
545 2453 666 2500 ἀίω-48
683 2452 748 2502 cod.
757 2455 850 2504 Dslec.
860 2457 1000 2510 estenderet,
1011 2460 1035 2504 et
1078 2455 1169 2505 desso
1181 2454 1284 2518 muttire·

196 2521 249 2565 ret:
265 2521 336 2578 etque
350 2517 386 2564 its
401 2516 487 2565 escrit.
526 2515 624 2578 Reperti
642 2517 777 2566 enisu—ill
794 2519 858 2568 Cod.
880 2520 968 2568 Doleo.
1043 2520 1067 2532 ‘⁸
1105 2520 1199 2568 ls.-d⁰
1216 2518 1281 2567 Cod.

197 2578 287 2628 Doleo.
296 2579 482 2642 praeipssdl
502 2579 652 2627 Cesssrstum
663 2593 715 2628 essu
729 2585 821 2630 mustot
836 2583 933 2644 priore.
947 2614 955 2631 .
967 2615 974 2630 .
984 2583 1009 2631 is
1019 2583 1116 2640 pnlutiu
1127 2583 1195 2631 ooide
1203 2586 1258 2631 uste
1267 2596 1284 2630 s

196 2643 262 2692 selis
270 2647 405 2705 spectem
414 2642 716 2705 sputestuesspttesetee
724 2642 785 2692 uitii
793 2645 857 2693 ulisd
869 2643 982 2694 Gronov.
998 2655 1025 2694 et
1037 2647 1070 2694 sl.
1083 2653 1144 2695 sats
1155 2644 1283 2694 llsrdulu.

684 2806 790 2858 NOTAE

230 2911 242 2938 ⁸
259 2901 343 2952 Priore
357 2901 476 2964 lseesdie]
500 2899 622 2952 Meminit
639 2902 720 2952 Trsu·
760 2911 843 2953 toruus
857 2901 910 2954 reri
923 2897 994 2965 nihil,
1010 2901 1092 2952 omnis
1107 2896 1186 2950 dots!
1218 2897 1283 2950 Per·

198 2979 291 3044 quillus
310 2977 335 3025 iu
351 2978 471 3038 octavio,
485 2991 542 3041 esp.
559 2982 600 3027 tt.
619 2977 669 3028 ‘lu
682 2993 721 3026 re·
761 2980 820 3042 guis
837 2979 908 3029 loeus
926 2987 966 3028 est
983 2976 1187 3027 accommodatus
1206 2991 1284 3040 expo·

198 3051 355 3102 stitutionem
376 3051 503 3102 l’ulstiuoe
525 3051 616 3101 domus
634 3052 721 3102 ineen-
760 3053 850 3103 neudis
867 3054 943 3102 rebus
963 3051 1103 3106 venalibus,
1117 3051 1225 3102 inedito
1238 3065 1283 3114 po-

198 3127 241 3177 dlo
260 3124 401 3180 sinuentur,¹
422 3128 471 3175 dre.
504 3124 571 3175 Vide
589 3128 674 3177 Notas
693 3134 721 3178 et
760 3127 832 3178 sltus.
865 3129 955 3178 Codex
966 3126 1118 3178 Theodlib.
1133 3139 1194 3176 ιιιι.
1206 3128 1246 3176 ιιι.
1258 3131 1283 3178 t.

199 3200 306 3251 Eruend.
318 3213 386 3248 suun.
400 3204 438 3248 11.
760 3201 805 3251 lib.
826 3207 870 3252 sr.¹
889 3203 1021 3252 ‘Picturss
1050 3200 1249 3252 Professores..
1259 3234 1282 3252 ..

229 3276 241 3310 ὓ
257 3273 329 3324 laessi
345 3273 457 3336 ιίιιίιιιιι]
483 3273 525 3324 sb
540 3275 608 3326 omui
620 3274 722 3338 pieturs
761 3277 887 3340 Pergulss
897 3287 925 3326 st
936 3275 1050 3326 officiose
1061 3277 1087 3325 in
1097 3277 1160 3326 loeis
1173 3277 1283 3338 publicis

199 3349 307 3400 nodum!
334 3359 391 3396 ruru
415 3349 494 3397 lineas
516 3348 591 3398 modo
622 3357 723 3412 tennes,
760 3350 1104 3414 sinopensioueobtluesut.’
1119 3349 1282 3413 unctuo-

199 3425 292 3473 nnllsru
304 3416 412 3484 effigiem
424 3424 579 3472 contineret.
759 3427 806 3486 qius
828 3431 927 3475 vocant.
975 3425 1010 3475 Et
1025 3425 1121 3475 'artium
1138 3432 1284 3476 ceterarum

230 3507 241 3533 ⁰
258 3499 326 3554 Quod
335 3499 366 3547 sl
379 3514 406 3548 es
417 3499 443 3547 ιἰι
460 3498 618 3562 prmerlisus]
633 3498 721 3548 Trsla·
761 3497 949 3564 professoribus
962 3500 1075 3564 pergule
1086 3513 1187 3565 quoqne
1197 3500 1284 3562 hujus·

199 3573 257 3624 titio
268 3587 358 3623 versus
376 3573 476 3622 ‘Nolis
491 3573 546 3623 dies
562 3573 648 3635 abest,
660 3575 721 3638 quio
761 3573 861 3624 semodi
883 3573 956 3623 fuere
979 3572 1131 3637 profitendus
1152 3574 1211 3623 srtl.
1242 3575 1283 3626 De

198 3648 355 3698 liussdueta
370 3647 513 3710 supersit:'
533 3661 608 3712 qoem
623 3659 655 3697 ex
669 3647 722 3697 llo·
762 3647 1188 3705 Mathemstleis,testisSuetonius
1198 3649 1285 3700 iullu·

200 3723 344 3774 ratiot'slso
361 3724 498 3774 Sslrnssius
516 3726 588 3787 eitst,
605 3725 722 3775 indolis.
762 3729 846 3786 gusto,
863 3721 906 3771 ubl
921 3721 1111 3785 de'l'hesgene.
1145 3723 1285 3774 Delirare·
1312 3769 1316 3776 .

200 3814 260 3863 ρας.
271 3807 294 3848 ⁵.
314 3799 382 3848 Vide
395 3800 526 3848 Erssruuru
538 3799 605 3849 cuit.
614 3813 635 3849 1.
645 3799 723 3848 Ceut.
762 3797 871 3860 melicis,
879 3795 984 3847 idemde
994 3799 1093 3849 illustr.
1101 3797 1191 3849 (lrsur.
1199 3800 1242 3850 ubi
1251 3800 1285 3850 de

200 3879 225 3923 4.
247 3875 329 3938 Δάας.
345 3877 383 3924 ¹2.
399 3873 520 3924 ‘Nullam
534 3874 610 3924 hodie
628 3873 723 3923 lineum
763 3871 895 3923 Crassitio.

202 3947 281 3998 ‹inst'
794 3951 805 3981 ²
827 3947 1117 4013 Vslnutdiligeutisreus]
1134 3947 1195 3998 line
1207 3948 1286 4012 perti·

234 4025 246 4058 ¹¹
264 4024 382 4088 pergule]
407 4025 472 4075 Sunt
484 4025 527 4090 qui
540 4027 565 4074 iu
580 4015 679 4088 pergule
690 4025 725 4073 le·
763 4028 809 4071 net
827 4023 889 4072 illud
906 4024 1035 4074 ciceronis
1050 4027 1083 4075 de
1103 4025 1177 4074 Oret.
1191 4035 1233 4074 ιιι.
1244 4029 1285 4076 el.

203 4107 273 4160 pant.
305 4101 427 4163 Lucilius,
439 4101 582 4152 Satirarum
594 4101 612 4150 Ι.
624 4112 671 4150 xx.
690 4102 726 4150 ei·
764 4097 904 4147 'Mirabile
918 4107 967 4155 est.
985 4114 1042 4148 eum
1061 4099 1197 4163 plurimum
1209 4099 1235 4148 in
1248 4097 1285 4148 is-

205 4181 275 4224 tatus
286 4189 301 4224 s
313 4175 430 4227 lactent.
443 4191 462 4228 ι.
473 4181 515 4228 ιι.
531 4177 663 4241 ‘Pergnls
673 4174 726 4239 pis·
765 4173 859 4223 ciendo
870 4173 973 4224 intersit
991 4173 1057 4223 tuter
1076 4171 1180 4222 doctum
1199 4181 1227 4225 et
1243 4187 1284 4224 ru·
