3128 4892
274 405 361 474 1518
644 423 675 470 c.
698 419 818 470 unruu
843 419 1007 470 sncuum

276 565 448 632 Invenitur
462 563 596 629 nutemb
617 565 700 628 etin
717 565 857 629 aurariis
873 572 906 629 ct
930 566 963 629 in
989 563 1181 646 argentariis
1203 545 1362 626 metallis:

275 668 395 732 melior
410 687 477 750 qno
503 666 608 748 magis
623 667 707 742 rufa,
724 687 857 750 quoque
872 667 979 748 magis
992 666 1103 731 ι’ἰιιιιιο
1125 665 1300 739 redolensl
1323 683 1364 726 ac

275 789 370 854 pura,
392 768 609 850 friabilisque.
652 767 756 831 Volet
784 764 951 850 purgare,‘¹
980 768 1109 844 sistere,
1139 765 1363 842 excellocere,

275 869 460 954 perrodere.
505 869 643 932 Summa
658 867 730 950 ejus
747 867 810 932 dos
826 868 977 950 septica}
1020 868 1147 950 Explct
1172 861 1367 950 alopecins‘

276 990 319 1034 ex
336 975 431 1035 aceto
444 971 537 1034 illita.
582 968 724 1032 Additur
739 970 909 1032 oculorum
922 977 955 1016 ³⁸
970 969 1229 1033 medicamentis.
1275 966 1364 1029 Fan-

275 1091 331 1135 ces
345 1069 485 1155 pnrgari
507 1090 583 1134 cum
605 1070 701 1134 melle
722 1076 839 1134 sumta.
884 1071 1108 1152 Suspiriosis4
1129 1068 1364 1133 tussientibus·

275 1193 340 1256 que
359 1172 507 1256 jucunde
532 1170 694 1248 medetur,
723 1190 799 1235 cum
825 1173 937 1235 resina
960 1169 1179 1235 terebinthina
1203 1173 1238 1234 in
1262 1171 1363 1233 cibo⁵

276 1270 407 1338 sumtu.¹
449 1269 586 1338 Suffitai
610 1290 743 1356 quoque
767 1292 842 1336 cum
863 1273 990 1350 οιιιίιο,6
1012 1274 1089 1356 ipso
1108 1272 1223 1336 nidore
1245 1271 1362 1334 iisdem

274 1375 448 1439 medetur

319 1481 395 1539 ιιι.
439 1477 484 1541 Et
498 1477 703 1544 arrenicnm¹
725 1497 769 1542 ex
786 1477 901 1540 eadem
916 1479 966 1538 est
979 1472 1141 1539 materiae
1184 1472 1283 1552 Quod
1301 1494 1363 1558 op·

727 1640 909 1663 metuente

275 1757 333 1792 nov.
345 1743 471 1792 Hsrduin.
484 1748 507 1792 1.
524 1747 556 1796 2.
566 1747 590 1791 6.
607 1741 702 1792 Miller.
717 1741 822 1803 Bipont.
840 1747 868 1790 et
881 1741 1019 1790 Frena—2
1036 1739 1101 1789 cod.
1119 1739 1210 1787 Doleo.
1228 1753 1273 1800 quo
1284 1738 1363 1798 mogr'r

273 1809 339 1856 otrus
349 1809 509 1856 redolere-s
528 1808 620 1870 Margo
636 1807 695 1856 edd.
715 1807 807 1855 Dalec.
826 1813 852 1854 et
871 1805 986 1854 Gronov.
1002 1805 1167 1866 panicularum.
1188 1817 1202 1850 e
1223 1803 1360 1851 Dicae-l

274 1870 389 1920 Gronov.
400 1879 428 1918 et
440 1871 473 1919 al.
485 1878 545 1920 aute
557 1871 745 1920 lietduinum
764 1871 831 1919 melle
847 1875 933 1918 sumto.
970 1868 1079 1917 Voceml
1117 1868 1362 1930 pidomoceonurrerre

267 1935 340 1992 socii.
373 1935 515 1996 Surpiroar's.
548 1935 614 1984 Haec
632 1941 687 1984 tota
707 1936 831 1992 clausula,
852 1935 935 1984 Vocem
953 1933 969 1982 l.
981 1949 1017 1982 oo.
1033 1949 1053 1981 o.
1065 1883 1139 1994 ffb,
1159 1932 1231 1980 deest
1248 1932 1273 1979 in
1285 1929 1361 1978 codd.

273 1999 411 2048 neree-a
431 1999 521 2062 Mergo
533 1997 593 2048 edd.
606 2001 696 2049 Delec.
709 2008 736 2047 et
751 2000 866 2049 Gronov.
876 1999 1001 2058 outopotio,
1013 2013 1027 2046 e
1039 1999 1179 2046 Dinon-d
1196 1994 1263 2044 Ibid.
1275 2009 1307 2042 ex
1320 2009 1362 2041 eo-

273 2063 340 2118 dem,
350 2063 483 2112 renisu-t
502 2063 545 2112 Ita
555 2077 588 2112 ex
598 2065 674 2113 codd.
686 2063 834 2130 Hardoinua
849 2071 877 2112 et
895 2069 1002 2110 recentt.
1030 2061 1063 2111 aia
1078 2063 1183 2109 medetur
1197 2060 1254 2109 cod.
1268 2059 1361 2108 Delec.

274 2127 357 2176 itidem
366 2129 472 2176 suadetur
481 2127 595 2177 Gronov.
606 2135 634 2176 et
646 2129 732 2191 rulgg.

307 2191 374 2239 Car.
386 2204 442 2240 sur.
476 2196 489 2240 1
505 2191 566 2242 ‘Its
577 2192 653 2242 codd.
665 2193 748 2256 ltegg.
775 2191 807 2240 In
819 2189 940 2240 Editione
958 2188 1077 2253 principe
1094 2189 1231 2239 urmtcsnr.
1254 2187 1362 2237 Arreni·

762 2337 869 2390 NOTAE

304 2435 550 2502 bisunianensem]
561 2436 675 2486 Isidorus
686 2441 798 2488 nunti.
837 2438 902 2488 rina.
991 2457 992 2460 ¹

272 2512 328 2561 lraec
340 2511 445 2561 totidem
458 2512 552 2561 serbis.
869 2522 882 2558 t
897 2512 1004 2563 Additur
1023 2509 1152 2574 oculorrrrn]
1170 2511 1281 2560 cerussa
1299 2524 1361 2561 osne

304 2585 515 2648 compenso
530 2585 606 2650 obus]
622 2584 738 2634 Isidorus
748 2586 798 2636 loc.
836 2597 906 2649 nats,
928 2603 1003 2653 qnam
1023 2596 1050 2638 st
1069 2588 1234 2637 sandersusnr
1256 2586 1362 2652 quidam

272 2661 318 2711 cit.
352 2660 523 2711 tobinen.
539 2660 799 2718 manciannum·
836 2666 992 2726 vocitarunt,
1010 2664 1103 2713 crabro
1122 2665 1147 2712 io
1166 2661 1361 2712 medicamentis

271 2738 372 2803 lemque
394 2739 492 2801 puriter
520 2739 665 2802 anteponit,
687 2747 715 2789 et
737 2754 796 2803 quos
836 2743 966 2790 oculorum
987 2755 1003 2789 a
1022 2741 1097 2790 Celso
1116 2738 1262 2799 adhibetur,
1283 2751 1320 2788 ur.
1334 2741 1361 2787 6.

270 2813 376 2865 ruituris
395 2815 463 2864 virus
482 2815 605 2878 redolest,
622 2815 657 2864 tre
671 2813 697 2864 ll
716 2815 797 2874 tarbtn
836 2815 878 2865 Ad
890 2816 1022 2879 pediculos
1040 2817 1231 2880 palpebrarum,
1242 2813 1363 2864 ssudsrs·

271 2889 392 2956 dropopde
402 2889 514 2952 lxm.
546 2891 622 2943 Quod
634 2899 661 2940 rt
672 2892 798 2940 Brauro-
836 2906 867 2941 ca
879 2892 958 2940 semel
970 2891 1075 2940 ibidenr.

271 2969 311 3016 tus
322 2965 456 3017 confirmat
467 2967 500 3015 de
512 2967 603 3015 Euam.
617 2966 719 3017 (inmm.
736 2981 795 3031 pag.
851 2953 880 3003 ’ἱ
896 2969 987 3017 Fasces
999 2969 1100 3031 purgat]
1124 2968 1221 3017 Vocem
1243 2983 1361 3022 canorsrn

270 3045 327 3090 soi.
835 3043 906 3098 facit,
915 3043 1105 3106 limpidamqus,
1118 3043 1201 3106 inquit
1210 3044 1299 3095 Diosc.
1310 3048 1361 3098 loc.

302 3115 315 3148 ‘¹
329 3117 400 3166 Volet
413 3116 527 3180 purgum]
540 3117 629 3166 Celsus
640 3129 666 3164 v.
675 3121 700 3165 ⁶.
710 3118 719 3146 ‘
729 3117 795 3165 Pur·
835 3119 879 3168 cit.
903 3117 983 3177 Φυνήν
993 3135 1021 3168 re
1040 3117 1188 3182 ἀποκαθαίρει
1206 3119 1362 3182 ἑκλιιχιμέη

271 3197 333 3252 gent
352 3205 448 3254 erugo,
467 3193 522 3240 nuri
542 3193 710 3256 pigmentum,
727 3192 795 3257 quod
835 3193 976 3256 stirpium.
1281 3211 1283 3216 ·

271 3263 422 3326 speetu
439 3265 539 3315 Graecis
556 3265 719 3315 nominatur:
736 3267 796 3316 huic
867 3269 1112 3335 ¹Suspr'rioais...irr
1132 3271 1183 3320 cibo
1203 3273 1292 3335 scorto]
1318 3273 1359 3322 Ex

270 3350 356 3400 sutem
381 3350 408 3391 et
427 3341 577 3392 sandaracae
591 3342 627 3391 'ln
648 3343 733 3392 omnia
752 3357 795 3392 es·
835 3361 883 3394 oro
895 3346 992 3408 sorbili,
1010 3346 1092 3410 iuquit
1108 3346 1248 3396 Marcellus
1261 3350 1361 3411 Empir.

269 3419 328 3469 dem
342 3417 395 3468 via’
835 3437 858 3472 c.
870 3427 909 3472 16.
923 3437 948 3484 p.
961 3425 1017 3473 116.
1034 3429 1062 3472 et
1077 3423 1178 3472 Plinius
1189 3425 1276 3474 valer.
1289 3439 1306 3473 r.
1318 3430 1359 3476 68.

301 3501 313 3528 ⁶
323 3494 420 3544 Summo
430 3495 481 3557 ejas
491 3495 532 3544 dos
542 3495 644 3559 replico]
657 3495 691 3544 Et
702 3494 794 3545 sends·
835 3500 899 3549 Cum
911 3499 996 3548 resino
1013 3500 1038 3548 iu
1058 3502 1189 3562 catapotio
1209 3509 1303 3562 snrnts,
1321 3504 1362 3552 eol

270 3584 337 3619 sacre
354 3570 453 3634 puriter
467 3577 496 3619 et
514 3572 628 3619 scaenico
645 3571 733 3620 Dlosc.
745 3571 793 3621 loc.
834 3574 985 3634 ἆσθμιιιικιῖς
1000 3573 1045 3624 σὺν
1058 3573 1137 3639 pnrlrp
1147 3573 1360 3626 mmdrrordldo·

269 3647 314 3696 cit.
334 3645 430 3705 δύναμιν
452 3645 569 3704 munire
591 3645 718 3702 attribuit,
745 3647 793 3695 boc
832 3667 880 3710 ror,
893 3650 1095 3699 Diosc.loc.cit.

269 3729 318 3779 cst,
335 3722 383 3768 eins
396 3720 576 3781 proesumit.
594 3721 793 3786 absumendique
863 3723 872 3767 l
887 3723 985 3790 Suffitu]
1003 3726 1090 3775 Diosc.
1110 3725 1159 3774 loc.
1177 3726 1223 3774 cit.
1247 3727 1292 3776 unt
1303 3729 1360 3777 tro-

269 3809 357 3846 carnea
373 3805 563 3845 excrescentes.
596 3797 681 3846 Etiam
700 3798 750 3848 vim
770 3798 793 3847 el
833 3802 941 3862 θυμιᾶται
958 3799 1003 3849 ele
1020 3799 1111 3865 ῥητίηι,
1128 3800 1166 3849 aul
1185 3800 1243 3864 epla
1256 3806 1362 3855 παλαιὰν

268 3870 396 3929 καυστικὴν
412 3872 495 3920 inesse
506 3871 656 3934 aitrtiitius,
668 3881 697 3922 ut
711 3883 738 3923 et
751 3889 793 3923 ar·
832 3879 908 3938 βῆχα.
921 3875 1070 3938 telesperus
1084 3873 1213 3937 tunoplrou
1231 3880 1274 3926 wo
1285 3877 1361 3942 lupari

267 3948 364 4006 mulce,
376 3961 406 3996 ιι.
416 3950 458 3996 77.
470 3961 502 3996 ex
515 3947 566 3996 Ma.
578 3947 680 3999 Graeco·
831 3955 867 4016 τῷ
882 3951 990 4014 ordporr.
1026 3952 1090 4006 Qor'a
1100 3957 1124 4000 et
1134 3954 1247 4002 odom
1256 3963 1359 4006 moereas

299 4024 411 4089 ‘Expiet
432 4023 559 4086 alopecias]
574 4025 713 4076 Marcellus
731 4028 791 4077 Em·
830 4030 914 4078 turrira
935 4042 987 4076 cerr
1005 4027 1084 4075 resino
1098 4028 1200 4092 sumitur,
1218 4029 1300 4080 nidore
1315 4047 1359 4096 per

267 4103 317 4166 pir.
338 4117 361 4151 c.
373 4105 397 4150 e.
417 4103 494 4164 p.tt.
527 4101 623 4150 Theou.
642 4102 792 4153 Priscisnus
822 4103 1126 4170 firmianinoeottroeto.

266 4193 287 4228 ι.
299 4183 323 4228 2.
333 4185 361 4228 et
373 4177 472 4226 Plinius
481 4176 567 4226 Veler.
579 4190 598 4226 r.
610 4181 635 4226 o.
661 4177 696 4226 Ar
705 4177 792 4227 Diosc.
863 4176 874 4211 ¹
887 4179 918 4226 Et
929 4177 1062 4226 nmium
1072 4178 1227 4243 [mretricem]
1237 4197 1268 4230 err
1278 4184 1358 4232 eoderrs

267 4256 317 4304 loc.
337 4255 453 4302 citeron
474 4266 506 4302 ea
530 4259 615 4308 scsto,
633 4251 679 4302 sed
700 4265 732 4301 ex
752 4267 792 4303 re·
832 4251 990 4314 estruoterio]
1010 4251 1127 4309 Hocsat,
1145 4255 1225 4305 nteit
1242 4253 1356 4308 Isidorus
