3026 4890
259 371 348 440 4428
623 389 654 434 c.
677 387 797 434 rurnrr
821 385 981 436 snounnr

263 535 360 614 pater
374 528 482 611 ipsius
497 527 713 593 interemerat·
756 527 902 592 Transiit
914 533 947 592 et
968 529 1011 592 ab
1026 527 1102 592 Diis
1116 527 1157 592 ad
1180 527 1349 592 homiuum

264 639 400 704 statuas,
430 633 530 713 utque
559 629 673 693 multis
702 628 822 693 modis.
866 629 1036 694 Bitnmiue
1066 629 1193 712 antiqui
1221 629 1348 712 tingue-

263 733 342 795 bant
363 739 444 808 eus,¹
467 749 535 814 quo
560 731 667 811 magis
690 731 806 794 mirum
828 737 880 793 est
902 731 1070 812 placuisse
1090 749 1172 794 auro
1189 730 1347 812 integere.

265 831 345 897 Hoc
369 833 483 896 nescio
505 851 546 896 uu
573 831 763 896 Romanum
784 831 905 895 fuerit¹
930 833 1119 897 inventum:
1142 837 1227 896 certe
1250 832 1351 896 etiam

265 933 387 998 Romae
401 953 464 996 nun
479 933 579 996 habet
594 939 803 998 vetustatem.
847 931 980 1014 Effigies
1002 932 1167 996 hominum
1183 951 1248 996 uon
1264 934 1350 996 sole-

265 1037 346 1098 bant
360 1033 510 1117 exprimi,
525 1035 587 1097 uisi
611 1035 722 1116 aliqua
747 1032 864 1096 illustri
883 1052 987 1098 causa
1007 1034 1260 1116 perpetuitatem
1285 1053 1353 1096 me-

265 1136 418 1212 rentium,
435 1135 541 1216 primo
557 1153 721 1197 sacrorum
734 1134 945 1197 certaminum
956 1133 1107 1210 victoria,
1115 1133 1351 1216 maximeque*
1421 1169 1433 1190 .

267 1235 454 1318 Olympiae:
488 1236 546 1298 ubi
568 1236 711 1298 omnium
737 1234 793 1316 qui
817 1234 973 1298 vicissent
998 1239 1125 1298 sareas
1151 1235 1254 1298 dicari
1278 1253 1354 1298 mus

268 1342 352 1400 erat.
395 1337 517 1400 Eorum
532 1355 620 1412 vero,
643 1337 699 1419 qui
725 1343 775 1398 ter
793 1336 839 1399 ihi
863 1336 1123 1418 superavissent,
1138 1353 1182 1398 ex
1196 1336 1353 1399 membris

267 1439 415 1520 ipsorum
445 1437 657 1501 similitudine
685 1456 860 1520 expressa,
897 1457 981 1522 quas
1017 1434 1180 1502 iconiensi
1218 1443 1354 1501 vocant.

268 1538 493 1604 Athenienses
508 1540 624 1603 nescio
639 1557 681 1602 au
705 1540 803 1621 primi
819 1539 964 1604 omnium
980 1534 1190 1603 Harmodiok
1213 1545 1246 1602 et
1260 1536 1356 1601 Aris·

268 1640 413 1722 tegitoui
423 1639 639 1724 tyrannicidis
660 1640 795 1723 publice
818 1643 988 1725 posuerint
1012 1645 1150 1706 statuas.
1195 1638 1274 1703 Hoc
1300 1658 1355 1703 ac·

270 1747 339 1804 tum
355 1748 406 1806 est
416 1742 533 1805 eodem
548 1760 646 1820 anno,
662 1761 728 1825 quo
744 1747 778 1806 et
792 1741 912 1807 Romae
926 1761 1018 1824 reges
1034 1741 1136 1824 pulsi.
1179 1739 1356 1822 Enceptn⁴

272 1837 392 1904 deiude
416 1861 471 1906 res
495 1847 549 1905 est
573 1861 595 1906 u
618 1847 687 1906 toto
709 1844 790 1908 orbe
813 1849 969 1908 terrarum
989 1841 1226 1907 humanissima
1250 1841 1357 1904 ambi·

271 1941 370 2006 tione.
413 1941 459 2006 Et
475 1943 548 2026 jam
563 1943 708 2006 omnium
724 1944 976 2026 municipiorum
1000 1943 1099 2007 foris⁵
1121 1947 1242 2006 stutuoe
1260 1960 1357 2005 orna-

273 2050 418 2108 mentum
433 2063 508 2109 essa
522 2064 668 2127 coepere,
684 2047 920 2128 prorogarique
943 2045 1104 2108 memoria
1127 2042 1307 2121 hominum,
1322 2051 1358 2106 et

273 2143 413 2208 honores
426 2145 557 2228 legendi
573 2165 647 2210 aevo
662 2159 675 2184 ⁶
690 2147 829 2211 basibus
842 2147 990 2217 inscribi,
1005 2165 1045 2209 ne
1059 2147 1092 2208 in
1105 2144 1269 2226 sepulcris
1285 2151 1358 2208 tau-

274 2251 344 2306 tum
358 2244 554 2326 legerentur.
599 2247 684 2311 Mox
709 2245 837 2314 tornm¹
858 2255 892 2313 at
910 2249 946 2310 in
971 2247 1125 2311 domibus
1140 2246 1276 2330 privatis
1290 2245 1361 2310 iac-

307 2382 319 2406 ·
337 2375 454 2428 Podm'fl·

728 2457 907 2481 oueomun

308 2555 376 2604 cru.
388 2565 427 2602 rx.
461 2558 474 2602 l
492 2554 536 2604 Itu
547 2569 580 2604 ex
596 2555 671 2606 codd.
682 2554 830 2604 lietduinus
842 2561 870 2604 et
887 2563 997 2606 receuti.
1022 2553 1115 2618 antiqui
1129 2553 1256 2617 pingebant
1270 2568 1310 2602 eus
1325 2553 1362 2603 hi·

275 2619 365 2668 rumine
383 2617 497 2668 Gronov.
515 2625 542 2668 et
560 2620 647 2683 rulgg.
674 2618 797 2680 tingebant
814 2619 872 2669 cod.
889 2621 1030 2670 belec-²
1048 2618 1175 2668 ltucudd.
1186 2619 1267 2679 Regu.
1285 2617 1361 2668 Brut.

192 2711 195 2716 ·
277 2693 305 2732 ct
316 2681 402 2732 Editio
434 2684 543 2745 riuccpr.
578 2683 663 2744 integi.
690 2683 950 2742 Hocs.crrll.suerit
965 2683 1131 2734 Vet.Dulec.
1167 2681 1279 2742 integere.
1307 2681 1364 2730 lice

276 2762 301 2795 νι.
314 2762 345 2794 ua
356 2745 390 2795 n.
420 2745 455 2794 uit
471 2747 529 2797 edd.
545 2755 612 2797 vett.
628 2747 742 2797 Gronov.
761 2746 887 2796 llurduin.
899 2757 926 2796 et
941 2753 1099 2797 recente-3
1116 2747 1230 2796 Gronov.
1242 2745 1363 2793 maxima-

277 2815 378 2874 que-d
395 2811 455 2860 Vct.
467 2811 557 2861 Dulce.
569 2817 593 2861 et
602 2826 670 2873 regor
682 2812 759 2861 Romo
768 2813 838 2875 pout
864 2812 966 2874 Accepta
974 2828 984 2870 ,·
1001 2812 1115 2861 Gronov.
1130 2809 1255 2859 llurdnin.
1268 2813 1290 2858 1.
1302 2813 1327 2858 2.
1338 2812 1364 2857 8.

278 2883 306 2925 et
324 2881 435 2925 recenti.
446 2880 470 2923 et
481 2890 547 2939 reges
560 2877 820 2939 Rmruprlrntsn-o
839 2876 902 2926 Ced.
918 2877 1073 2937 Detensori.
1136 2905 1139 2910 -

767 3017 875 3070 NOTAE

278 3111 438 3174 inscriptum,
452 3125 487 3162 ux
505 3127 594 3165 casum
616 3127 732 3165 rurrrmn
751 3130 799 3166 ns·
840 3117 999 3182 majoresque
1024 3118 1140 3179 humanu,
1167 3115 1365 3166 Hieronimruru

276 3185 356 3234 uret!
388 3185 505 3236 Affirmat
523 3189 570 3238 hoc
588 3189 671 3252 ipsum
682 3190 801 3240 Valerius
840 3191 1367 3258 figuraeusentptorihusexprimerentur.

279 3265 424 3314 litamus.
442 3267 466 3314 2.
484 3266 623 3329 Dionysius
643 3267 729 3317 Helio.
746 3267 801 3317 llu-
841 3267 877 3316 Et
896 3267 974 3317 Pisto
995 3270 1021 3317 in
1046 3267 1171 3316 Priario:
1196 3267 1368 3328 ’τνισχνοῦμιι

280 3337 328 3403 tiq.
340 3337 411 3388 Runr.
429 3339 472 3388 lib.
489 3353 552 3390 urrr.
571 3347 696 3404 paphie.
722 3341 801 3393 stite
841 3345 933 3406 χρυσῆν
952 3342 1030 3393 εἰκόνα
1046 3341 1200 3406 ἶσομένρηνον
1215 3341 1246 3392 eir
1258 3340 1367 3405 (tinem

280 3427 345 3476 rupe
356 3414 486 3478 dejectum
497 3416 577 3465 siunt.
842 3417 974 3477 ἀναθήσειν.

309 3489 317 3531 ³
337 3489 402 3544 Qnuo
418 3491 531 3555 omrem]
548 3490 655 3544 ulmeri
675 3493 804 3558 tydeum
874 3491 886 3528 ¹
904 3493 1048 3556 Harmodio]
1064 3494 1133 3544 Vide
1153 3492 1320 3543 Plutarchum
1339 3494 1367 3543 iu

280 3571 358 3614 vocnt
379 3565 519 3616 Atheniens
540 3567 585 3616 lib.
608 3583 627 3620 r.
649 3571 671 3619 ri
691 3573 803 3621 memini.
843 3568 1002 3632 Antiphonte
1021 3570 1053 3617 de
1068 3572 1164 3619 Decem
1178 3569 1286 3618 Rhetor.
1297 3569 1368 3618 'lhu-

281 3640 413 3690 leonicum
429 3643 593 3693 simulacrum
607 3645 804 3710 'l'rruquillusiu
844 3644 903 3722 cyd.
923 3644 969 3694 lib.
987 3659 1026 3694 vr.
1044 3646 1166 3710 uliesqne.
1194 3644 1368 3695 APraxiteie

281 3715 405 3780 caligula,
417 3722 524 3780 captu
555 3719 638 3770 Erunt
646 3720 804 3784 ejuscemodi
843 3720 989 3771 elaboretur
1007 3735 1064 3771 erse
1086 3723 1130 3770 her
1149 3729 1247 3772 statuas
1267 3721 1368 3772 Plinius

281 3793 376 3838 stature
401 3791 430 3839 tir
449 3790 604 3852 hominibus,
624 3811 731 3860 qnorum
746 3813 804 3863 rpe-
844 3802 935 3846 auctor
945 3803 985 3847 est
994 3811 1051 3859 cup.
1061 3801 1100 3846 19.
1109 3797 1167 3848 libri
1177 3797 1260 3861 hujus.

281 3863 608 3934 ciemret'erebuut,puree.
641 3871 804 3935 Mrjoresro·
878 3870 961 3922 ¹Moe
975 3872 1070 3935 serm]
1097 3872 1232 3924 Qualibet
1254 3869 1369 3936 privatur

281 3940 420 3991 cahuntur‘
431 3942 718 4008 Augustud‘Colussl’
729 3949 806 4013 longe
846 3949 915 3998 redes
933 3950 1040 4000 totidem
1060 3950 1115 3999 tora
1130 3951 1218 4000 ereum
1236 3962 1309 4000 esre:
1327 3955 1370 3999 tut

281 4015 408 4066 maxima.
441 4017 516 4067 Oura
534 4019 561 4068 id
580 4019 807 4073 Hellrnodielst'u-
846 4027 1262 4091 ruminstructarignirsinguloe.
1288 4025 1371 4075 stunt

282 4091 343 4154 ture,
361 4091 488 4142 Lucienus
499 4099 541 4144 ert
552 4103 650 4160 auctor,
661 4097 735 4160 heri
750 4097 807 4163 trip
847 4103 1015 4153 instintione
1034 4104 1155 4168 populum
1173 4103 1312 4169 iurgiorum
1329 4116 1371 4153 ru·

284 4163 386 4228 εῐνθνννν,
397 4167 446 4217 rub
461 4167 574 4232 initium,
589 4179 617 4220 ut
628 4171 715 4225 enom
729 4173 806 4235 Ισνμέ·
846 4179 934 4243 perine
944 4179 1011 4230 ‹ttxit
1024 4191 1129 4232 mur·
1139 4183 1180 4230 tu.

284 4255 365 4303 remor
374 4252 470 4309 esseut,
479 4257 513 4293 ue
524 4247 686 4309 augustiores
696 4249 807 4316 seilicet,
