3128 4892
266 367 354 434 4576
630 384 661 430 u.
685 381 805 432 rutnn
829 382 994 462 snuunor
1030 435 1033 444 ,

269 522 502 606 Demophilum
526 521 743 600 Himeroeum,
768 531 803 588 et
826 524 976 612 Neeennn
998 525 1179 606 Thasium
1201 528 1358 610 qnoniam

268 624 376 688 utrius
394 642 507 688 eorum
524 623 711 706 discipulus
726 624 826 689 fuerit
837 627 1026 708 ambigitur.
1071 627 1112 690 In
1125 629 1361 712 eum'Apollo·

268 723 370 790 dorus
392 743 496 806 supro
517 724 647 789 diotus³
670 745 787 791 versus
811 727 901 804 iecit,
925 727 1061 795 ‘Artem
1089 726 1190 812 ipsisi
1213 731 1360 794 abiotiu'n

270 825 406 890 Zeuxin
431 825 516 890 serre
540 827 676 892 seeum!
719 828 812 910 Opes
828 848 961 912 quoque
987 835 1097 896 tantus
1120 831 1308 914 acquisivit,
1323 837 1362 894 nt

268 927 303 990 in
318 928 541 992 ostentatione
557 946 669 994 eorum
685 930 859 1014 Olympiue'
876 930 988 996 eureis
1002 931 1109 996 literis
1128 932 1163 996 in
1183 931 1361 1013 palliorum

268 1027 420 1094 tesserisl
444 1028 604 1094 insertum
628 1050 747 1095 nomen
774 1051 873 1096 snum
900 1038 1110 1096 ostentaret*
1152 1032 1279 1096 Postea
1300 1033 1360 1096 do-

269 1147 350 1193 nnre
363 1149 466 1212 opera
484 1149 547 1193 sua
570 1131 725 1210 instituit,
742 1132 833 1218 quod
850 1153 890 1198 ea
903 1133 996 1197 nullo
1012 1128 1116 1198 suns*
1138 1134 1238 1214 digno
1252 1135 1361 1215 pretio

270 1231 447 1312 permutari
471 1250 576 1313 posse
601 1232 738 1312 diceret,
763 1234 864 1298 sicuti
878 1230 1074 1298 Alcmenam
1092 1231 1360 1317 Agrigentinis,⁵¹

729 1427 877 1448 0000000000
878 1425 906 1446 Μ

268 1545 292 1592 2.
305 1545 329 1590 t.
340 1545 367 1590 et
379 1545 539 1590 recount-s
558 1541 623 1592 ilaee
634 1541 685 1591 dno
703 1542 792 1601 verbe,
802 1556 874 1606 supro
885 1543 973 1603 dictes,
993 1542 1088 1592 desunt
1106 1541 1132 1591 in
1147 1541 1205 1592 cod.
1217 1541 1361 1592 Deire-t

269 1605 330 1654 ‘Ite
342 1603 408 1654 bene
420 1605 496 1654 codd.
509 1605 591 1670 Regu.
604 1616 631 1655 et
649 1603 736 1656 Editio
754 1607 891 1670 princepe!
908 1607 1015 1656 Brotier·
1048 1607 1089 1656 Ite
1102 1621 1203 1672 quoque
1214 1605 1290 1655 codd.
1308 1607 1361 1655 De-

269 1669 320 1718 ieo.
330 1676 360 1718 et
371 1671 431 1718 Vet.
442 1669 567 1732 ejusdem.
594 1670 711 1721 intr-’rtem
722 1687 747 1720 n.
758 1687 779 1718 e.
790 1671 916 1721 ostentarit
935 1671 1051 1721 Gronov.
1062 1672 1096 1721 et.
1114 1679 1179 1720 rett.
1196 1669 1325 1719 iiardnin.
1339 1675 1363 1720 1.

270 1737 295 1782 ².
314 1737 339 1783 8.
356 1741 384 1783 et
403 1740 562 1784 recente—n
580 1734 638 1784 ‘Ite
654 1735 713 1786 cod.
732 1735 798 1799 Reg.
817 1742 841 1785 5.
858 1743 888 1784 et
901 1735 989 1784 Editio
1004 1734 1147 1798 princeps!
1170 1734 1277 1786 Brotier.
1319 1734 1363 1784 lte

270 1809 369 1862 quoque
388 1795 505 1848 Gronov.
527 1806 554 1848 et
572 1797 606 1846 el.
621 1807 685 1849 vett.
728 1799 904 1862 Agragantinis
923 1798 1049 1849 Herduiu.
1067 1804 1090 1850 1.
1108 1803 1131 1849 2.
1152 1802 1176 1848 3.
1199 1799 1295 1848 Miller.
1318 1797 1362 1846 Bi·

272 1869 344 1924 pout.
362 1867 390 1912 et
408 1861 501 1912 Frenz.
537 1863 683 1913 crotoniatis
694 1877 783 1928 mergo
794 1864 854 1914 edd.
870 1864 960 1914 Delec.
972 1869 998 1915 et
1013 1864 1158 1915 Gronor.e
1177 1863 1233 1913 Cic.
1249 1863 1282 1912 de
1303 1862 1362 1911 lnr.

762 2039 866 2094 Nom

271 2167 356 2234 lump]
373 2169 417 2220 Sic
425 2168 567 2222 Veticnnue
579 2171 672 2232 codex,
692 2171 757 2236 [teg.
775 2176 799 2221 2.
836 2171 956 2236 scripto:
984 2177 1070 2236 etque,
1091 2175 1120 2220 ut
1139 2169 1240 2232 opinor,
1260 2168 1364 2220 rectius.

272 2246 414 2308 ceterique.
427 2245 799 2309 ineditis,mele,LXXX1X.
837 2249 904 2298 Nem
917 2254 943 2296 et
955 2247 981 2296 in
998 2246 1121 2296 orbiculis
1137 2245 1197 2294 olirn
1214 2257 1305 2292 nomen
1317 2243 1367 2298 dez

272 2334 330 2369 cum
342 2321 409 2370 diern
421 2321 517 2371 obiisse
532 2329 585 2371 tum
604 2323 703 2372 Zerrxin
715 2321 755 2372 rei
766 2339 799 2372 ex
836 2323 961 2385 scriptum
990 2321 1107 2384 legimus.
1159 2319 1310 2373 Anestesiue
1337 2320 1363 2366 in

271 2395 359 2452 Suide,
371 2402 401 2444 nt
418 2395 481 2460 dini,
497 2397 650 2446 constet-⁴
661 2399 800 2448 Vetlcenus
837 2398 923 2448 Iseum
934 2411 972 2446 ev.
990 2396 1090 2462 ‘Atque
1098 2409 1177 2459 super
1188 2395 1270 2457 ipsurn
1282 2394 1364 2443 eltere

272 2471 356 2522 codex
375 2479 403 2521 et
424 2473 488 2536 Reg.
510 2475 586 2528 mele,
602 2473 735 2524 LXXIX.
755 2489 801 2538 pro
836 2470 901 2522 feeit
922 2479 1020 2523 restem
1038 2486 1102 2522 euro
1121 2477 1229 2532 tentem,
1246 2469 1363 2521 eeudidis

272 2544 433 2598 LXXXIX.
445 2549 801 2614 uteliilrebent,cunrretns-
837 2561 883 2612 per
902 2555 983 2598 toturn
1002 2548 1147 2612 mergeritin
1167 2545 1318 2610 fulgentem,
1338 2554 1366 2597 et

273 2621 306 2671 tis
323 2622 383 2672 edd.
401 2635 461 2672 nem
478 2622 594 2673 Romene
612 2625 671 2673 enni
688 2629 759 2675 itio.
773 2627 801 2675 in
837 2624 969 2675 indentes
984 2627 1098 2691 loroque
1110 2623 1211 2673 tebules
1223 2629 1365 2686 gemmetee

271 2697 482 2759 ortogoeinononn
492 2697 800 2764 Olympiodrieebet,eliae·
837 2700 985 2764 lubentem,
1008 2715 1065 2750 enen
1087 2699 1173 2749 eureis
1198 2713 1245 2762 per
1272 2699 1364 2747 circui-

272 2789 323 2840 que
336 2775 442 2826 omnes!
463 2776 566 2826 Edono.
839 2785 895 2830 tum¹
910 2775 1042 2838 orbiculis,
1061 2775 1153 2839 quibus
1168 2773 1267 2838 insigne
1282 2773 1365 2835 ipsius

305 2851 312 2884 ¹
327 2852 410 2902 ⁴{rtem
421 2851 491 2916 ipsis]
508 2848 586 2902 Forte
601 2851 683 2917 ipsius,
694 2852 800 2918 Apollo·
838 2851 958 2901 Proeenlis
970 2864 1062 2899 nomeu
1073 2857 1112 2898 eet
1123 2847 1299 2913 descriptum
1321 2848 1365 2898 sto

272 2927 452 2978 dorisoilieet.
838 2926 954 2976 restibus
981 2925 1062 2974 eserie
1082 2924 1209 2987 hodieque
1226 2924 1366 2988 gentilitiae

302 3001 360 3051 tte
385 3004 511 3066 pulliornne
540 3005 645 3068 tesseris]
680 2991 802 3056 Tesseree
838 3008 951 3050 tesseres
973 3001 1086 3050 intentes
1106 2999 1244 3049 cernimus.
1275 2998 1319 3048 Sie
1336 2997 1364 3047 in

273 3075 418 3126 Grouorius
429 3077 555 3142 intelligit
566 3087 648 3135 notes.
664 3087 691 3128 et
702 3081 802 3143 titulos,
838 3077 922 3141 pellite
934 3077 1057 3141 Equitum
1066 3076 1251 3138 Torquetornm
1264 3079 1364 3123 textum

272 3150 365 3215 quibns
388 3151 505 3201 dominns
522 3154 659 3204 noscitur:
688 3161 718 3203 ut
734 3170 801 3205 nouo
838 3167 918 3216 opere
940 3152 1054 3216 Phrygio
1071 3150 1179 3200 Ordinis
1197 3148 1237 3198 eui
1258 3149 1365 3211 insigne.

273 3235 373 3290 qnoque
384 3224 411 3275 in
424 3227 541 3282 sudariis,
553 3227 671 3285 indueiis,
688 3231 802 3294 meppie·
839 3227 870 3277 In
883 3229 948 3290 Reg.
965 3233 990 3276 2.
1008 3225 1065 3278 cod.
1087 3225 1114 3274 in
1128 3224 1253 3289 pntiiorern
1272 3225 1366 3274 tesseris

272 3315 332 3366 que.
356 3302 458 3352 nomine
474 3304 660 3368 possidentium
674 3306 761 3368 primis
773 3307 802 3357 ti·
837 3303 965 3354 insertum.

273 3376 335 3426 teris
353 3391 434 3426 ecue
465 3379 516 3427 silo
544 3380 630 3429 colore
651 3379 800 3444 pinguntur.
869 3379 969 3436 *Quod
978 3395 1005 3430 es
1015 3379 1078 3428 nullo
1088 3377 1242 3442 satiricum,
1253 3386 1283 3428 ut
1294 3385 1366 3428 reete

272 3445 377 3502 Pierius
385 3453 514 3517 Vopiscus
526 3454 551 3503 iu
561 3454 664 3518 Ceriuo,
676 3470 735 3520 png.
743 3459 801 3508 2⁵4.
837 3453 1012 3508 Quintilianus
1024 3469 1078 3504 xes.
1093 3459 1118 3504 7.
1136 3469 1195 3518 pag.
1211 3457 1268 3503 88³.
1286 3455 1365 3504 ‘Ple-

271 3527 381 3578 ‘Metris
393 3530 506 3579 tuuieenn
518 3529 592 3579 dedit
611 3531 704 3593 minse,
720 3531 801 3581 leces-
837 3545 916 3595 reque
933 3531 981 3581 hoe
999 3532 1055 3594 ipso
1074 3531 1174 3596 possint
1195 3529 1277 3580 rideri
1296 3529 1365 3592 viiie,

273 3617 331 3653 ιιιιιιι
340 3605 422 3668 petris
432 3606 509 3655 mimo
520 3639 528 3654 .
540 3641 546 3656 .
559 3641 565 3656 .
577 3605 749 3670 .1nscriptunn
759 3614 801 3657 est
836 3605 904 3671 qnod
917 3605 1026 3670 pretium
1037 3605 1154 3656 hebent!

273 3677 356 3728 edisne
369 3679 394 3727 Ιιι
403 3681 531 3730 ehornuioe
541 3682 799 3748 pellio'l'yrienthino,
867 3678 875 3713 ¹
890 3681 1026 3731 Alcmenen
1046 3680 1215 3744 Agrigentinis
1224 3679 1365 3744 [derogen-

272 3750 336 3815 (quo
347 3752 390 3801 iile
409 3754 480 3804 reiut
495 3756 577 3819 spolio
595 3757 737 3807 nobilitatis
755 3773 799 3808 ee·
835 3755 906 3819 tinio]
921 3755 965 3806 Sic
976 3770 1064 3805 omnes
1083 3757 1209 3806 Menneu
1224 3755 1364 3820 Agrigenti·

273 3824 353 3888 nltet)
373 3825 489 3878 Messein
518 3844 610 3880 nomon
639 3840 667 3882 et
694 3833 800 3884 uxorin?
835 3833 880 3881 nie.
914 3833 975 3882 Fuit
999 3833 1097 3895 oppido
1123 3846 1216 3881 nornen
1240 3830 1363 3881 (insenum

272 3901 658 3971 Lerrdntlrunovopieoilocum
668 3910 800 3964 Rubenius
836 3905 1364 3972 Αῦῐψῑ,ῐιῑῑῑῦἰῦΑεῐῑεθῠῐῦωιῦῐΡῙῑ·
1402 3969 1407 3980 ,

272 3979 306 4029 de
318 3980 357 4028 Re
368 3979 442 4028 Vest.
457 3995 475 4030 ι.
496 3986 535 4031 1⁰.
569 3983 619 4033 Sed
633 3991 743 4036 tesseres
755 3987 798 4036 ille
835 3983 892 4032 nius
909 3984 965 4046 ipse
984 3983 1009 4032 iu
1021 3981 1210 4048 (ieogrephieie
1221 3983 1365 4033 edmounit.

273 4055 416 4106 arbitretur
448 4071 503 4106 esee
523 4059 661 4123 quadretur
691 4061 799 4112 tebelles
836 4059 993 4110 crotoniatis
1021 4067 1113 4109 contre
1147 4073 1239 4124 magno
1275 4061 1364 4121 pretio

273 4132 357 4194 peiliis
380 4133 502 4190 intentes,
520 4133 611 4197 qulbus
628 4136 723 4193 litere,
740 4152 797 4202 quun
835 4134 979 4186 conductus
989 4134 1115 4184 Helenam
1128 4135 1222 4198 pinsit,
1233 4141 1259 4184 nt
1272 4133 1363 4185 Cicero

272 4219 365 4256 nomen
387 4207 483 4258 donnini
502 4207 638 4274 referrent,
655 4218 744 4262 essent
760 4213 797 4262 in·
836 4211 926 4278 refert,
937 4213 970 4263 de
982 4213 1155 4276 lorenteep.
1168 4215 1191 4262 1.
1218 4261 1221 4266 .
