3088 4886
283 367 369 433 4638
650 381 682 429 c.
706 379 823 428 norun
849 369 1023 429 sncnuor‘
1132 411 1147 438 .

284 526 395 590 luere:
418 525 508 586 sicut
531 521 580 586 M.
602 514 724 598 Varro,
751 521 962 605 Pythagoreo
985 516 1130 596 modo,⁵l
1153 518 1188 582 in
1212 520 1308 602 myrti
1334 527 1372 584 et

286 625 371 688 olem
388 631 488 708 atque
503 622 620 704 populi
635 623 737 702 nigrae
754 621 851 683 loliis.
896 619 1008 702 Major
1022 637 1157 701 quoque
1171 638 1251 700 pare
1264 620 1371 683 homi-

284 745 363 789 num
376 725 508 788 terrenis
524 725 625 787 utitur
639 713 743 786 uasis.
787 720 899 783 Sauria
915 717 1117 782 etiamnum¹
1139 719 1173 781 in
1188 717 1371 782 esculentis

284 825 469 889 laudantur.
513 823 648 888 Retinet
661 822 747 885 banc
760 821 966 884 nobilitatem
988 829 1022 882 et
1039 814 1223 882 Arretinm¹
1246 818 1279 881 in
1301 818 1372 882 Ita·

285 925 349 989 lia:
372 930 406 988 et
426 922 588 988 calicum⁶
610 929 747 1000 tantum,
764 923 986 999 Surrentum,nn
1008 915 1107 996 Asta,
1123 917 1314 982 Pollentia:
1337 919 1371 981 in

287 1025 456 1107 Hispania
471 1025 665 1105 Saguntum,
680 1024 714 1085 in
727 1023 811 1086 Asia
825 1023 1031 1102 Pergamum.
1078 1019 1212 1084 Habent
1228 1025 1261 1082 et
1274 1017 1371 1083 'I'rel-

287 1126 334 1189 les
348 1143 451 1206 opera
465 1143 537 1200 sua,
552 1123 685 1188 Mutina
699 1124 733 1186 in
749 1123 868 1186 Italia:
889 1121 1046 1203 quoniam
1063 1119 1159 1184 etsie
1174 1125 1290 1200 gentes
1312 1137 1371 1181 no·

287 1224 467 1287 bilitantur.
512 1221 600 1286 Haec
614 1241 747 1305 quoque
762 1241 820 1304 per
834 1221 940 1284 maria
963 1227 1132 1302 terrasque
1157 1219 1245 1282 ultro
1272 1218 1372 1281 citro·

288 1341 353 1404 que
381 1327 562 1403 portantur,
596 1322 782 1404 insignibus
809 1327 889 1384 rotae
917 1319 1070 1383 officinis.
1128 1317 1301 1400 Erythris¹¹
1336 1319 1371 1380 in

289 1421 412 1502 templo
426 1419 608 1502 hodieque⁷
624 1419 840 1483 ostenduntur
851 1417 1017 1498 amphorae
1029 1415 1106 1481 duae
1119 1423 1252 1500 propter
1264 1418 1371 1480 tenni·

288 1525 390 1584 tatem
415 1526 631 1594 consecratee,
654 1517 811 1600 discipuli
835 1517 1054 1599 magistrique
1082 1518 1270 1594 certamine,
1296 1525 1372 1580 uter

287 1620 471 1684 tenuiorem
485 1621 618 1682 humum
634 1616 793 1681 duceret.⁸
838 1615 917 1679 Gois
931 1615 1007 1679 laus
1019 1617 1177 1692 maxima,
1192 1614 1372 1682 Adrianis⁰

289 1719 444 1782 firmitas:
465 1718 628 1782 nonnullis
641 1718 730 1780 circa
752 1716 817 1779 hoc
834 1734 967 1798 quoquc
989 1717 1176 1781 severitatis
1191 1715 1372 1799 exemplis.

290 1817 335 1896 Q.
355 1817 566 1902 Coponium?
596 1819 779 1882 invenimus
804 1818 948 1880 ambitos
974 1816 1177 1894 damnatum,
1200 1819 1281 1902 quia
1302 1819 1372 1882 vini

289 1917 482 2004 amphoram
495 1918 640 1983 dedisset
654 1916 742 1982 ‹lono
757 1917 798 1990 ei,
813 1917 867 1980 cui
881 1915 1047 2000 suffragii⁹
1059 1917 1143 1982 latio
1155 1925 1234 1982 erat.
1256 1915 1370 1999 Atque

738 2095 918 2116 omenmu

288 2227 385 2276 ltin-s
410 2225 470 2274 ‘lta
480 2225 506 2275 J.
517 2227 548 2275 1·“.
559 2225 703 2275 Gronovlne
712 2233 740 2276 et
752 2227 791 2275 Cl.
803 2223 909 2274 Durentl
922 2238 953 2272 er
965 2222 1023 2272 eod.
1034 2224 1106 2270 vna.
1117 2223 1142 2271 in
1155 2237 1216 2288 qno,
1228 2224 1372 2286 l’itbngorio

289 2288 374 2340 nodo!
391 2289 504 2338 Brotier.
535 2289 694 2352 Pythagorico
704 2292 770 2338 modo
782 2291 895 2338 Gronov.
907 2289 940 2336 al.
959 2295 1021 2336 eett.
1034 2286 1161 2336 Hardoin.
1179 2292 1204 2337 1.
1215 2292 1240 2336 2.
1252 2291 1277 2338 8.
1291 2299 1319 2338 et
1331 2304 1372 2338 re-

291 2356 422 2401 cente-6
438 2352 499 2401 vet.
519 2350 608 2400 Doleo.
626 2357 651 2400 ot
661 2353 775 2410 coliem·
793 2353 907 2401 Gronov.
922 2353 955 2399 al.
971 2357 1035 2398 vett.
1047 2349 1176 2399 ilarduin.
1188 2355 1211 2397 t.
1221 2355 1245 2400 2.
1256 2355 1280 2400 8.
1293 2359 1320 2401 et
1332 2368 1372 2402 re·

291 2423 373 2465 centt.
390 2415 577 2464 satiem-r
594 2414 636 2464 Ite
650 2430 681 2463 ex
693 2415 768 2463 codd.
779 2415 929 2463 Harduinns
942 2422 968 2461 et
981 2418 1091 2462 recentt.
1118 2413 1224 2478 officinis.
1259 2415 1373 2478 Erythris

290 2477 467 2541 leodiequecod.
487 2477 576 2526 Delec.
609 2478 707 2542 officinis
727 2478 845 2540 Erythris.
872 2475 994 2538 Hodieque
1010 2477 1136 2537 intemplo
1156 2475 1272 2526 Gronov.
1291 2486 1319 2527 et
1338 2481 1371 2527 el.

292 2548 358 2590 vett.
389 2541 461 2600 Mon,
470 2541 622 2588 ostendantur
632 2541 719 2589 inbuta
730 2542 782 2588 dnn
791 2541 848 2589 cod.
858 2539 995 2588 Deice-8
1005 2540 1074 2588 ·Vct.
1084 2539 1175 2588 Dalee.
1188 2541 1373 2592 demedaeeret.

290 2608 340 2654 „p
355 2603 416 2653 ‘lte
426 2604 483 2655 eod.
492 2605 568 2654 Voee.
580 2611 606 2653 et
618 2605 657 2654 cl.
670 2603 795 2654 Durani!
812 2603 918 2652 Brotier.
945 2603 1011 2664 emas
1024 2602 1136 2666 suffragii
1152 2603 1212 2652 edd.
1224 2610 1289 2655 vett.
1304 2603 1373 2655 Gro-

779 2793 885 2846 NO'l'AE
897 2791 912 2842 '.

291 2919 484 2961 ttacoenroo.
495 2919 752 2960 conseruationem
762 2919 811 2958 no·
851 2903 984 2958 nobilitate
1001 2906 1218 2964 commendentur,
1236 2908 1262 2956 ln
1282 2907 1372 2959 eedem

292 2995 492 3034 memnonis.
508 2995 812 3034 coementariorum·
852 2989 926 3044 parte
949 2989 1085 3044 terrerum,
1113 2983 1276 3044 Surrentum,
1299 2983 1374 3047 Arte,

293 3069 463 3108 recensuere.
851 3053 997 3105 Pollentia:
1023 3055 1049 3104 in
1072 3055 1197 3118 lliepenle
1223 3058 1374 3120 Saguntum,

321 3131 497 3195 thtbogoreo
513 3131 591 3194 modo]
616 3130 684 3180 Vide
711 3131 813 3180 Pinter·
851 3131 901 3179 tec.
937 3130 1003 3178 vute
1023 3129 1107 3180 Notae
1126 3139 1153 3180 et
1172 3131 1281 3182 Emeum
1302 3145 1370 3182 nom.

293 3207 368 3256 eltnm
379 3205 406 3255 in
415 3205 545 3255 laconici·
555 3205 689 3263 institutit,
701 3221 726 3270 p.
738 3209 795 3255 188.
853 3207 894 3253 19.

325 3279 338 3314 ¹⁵
354 3279 435 3331 Smin
445 3280 584 3343 etnam]
606 3281 676 3330 Hinc
693 3295 752 3330 veen
767 3281 812 3330 Sn-
858 3291 862 3296 ·
883 3283 895 3310 ¹
912 3277 1231 3342 Erptlrie11nlnnle‚rtr.
1247 3283 1288 3328 81.

293 3355 346 3406 mie
366 3355 434 3420 epnd
452 3354 563 3404 'rollinm
581 3367 651 3417 saepe
666 3362 812 3417 occurrunt,
856 3367 860 3374 ·
883 3359 896 3386 ⁰
912 3352 1037 3415 Aedonia]
1056 3353 1097 3402 Ab
1108 3352 1188 3402 Adria
1200 3353 1284 3402 ltaliae
1299 3355 1373 3419 oppl-

294 3429 435 3495 eetlemque
450 3429 536 3480 Samia
554 3429 705 3494 simpliciter
724 3430 813 3493 appel·
852 3427 895 3477 do.
927 3429 969 3478 Sic
985 3427 1041 3490 ipee
1058 3427 1092 3478 tle
1110 3428 1209 3490 gallinis
1220 3439 1247 3477 x.
1259 3433 1301 3479 tr.
1315 3431 1324 3458 ‘
1336 3429 1372 3480 Α·

293 3505 363 3555 ieta:
380 3505 813 3566 ntioverrem,‘NoeSeroiie‹le·
853 3502 948 3552 duania
979 3503 1033 3552 lens
1058 3501 1183 3551 maxime!
1225 3503 1293 3553 vide
1315 3519 1372 3570 qnae
1462 3559 1466 3566 ,

293 3580 437 3641 tententur,¹
458 3583 507 3630 tre·
552 3581 638 3630 semla
661 3593 723 3630 rese
743 3577 812 3642 epod
852 3579 962 3630 dirlmne
978 3581 1006 3629 tn
1023 3579 1100 3631 Notis
1118 3587 1145 3630 et
1161 3577 1270 3631 Emend.
1282 3581 1316 3631 ad
1327 3579 1373 3632 lib.

294 3653 414 3702 Plautum
427 3655 452 3703 in
464 3655 541 3718 cept.
552 3659 615 3706 rm.
852 3667 881 3705 x.
894 3669 961 3706 nom.
971 3657 1011 3704 or.

325 3727 332 3760 ¹
348 3727 483 3791 Ari-etim]
499 3730 575 3779 Unde
594 3743 653 3779 veie
665 3730 811 3781 Arretinae
883 3737 896 3773 Ρ
913 3730 945 3786 Q.
958 3729 1097 3795 Coponius]
1115 3729 1155 3779 Ex
1167 3729 1283 3794 Coponio
1295 3737 1372 3796 gente

294 3801 415 3851 Martiale
428 3804 649 3860 commendantur,
663 3804 813 3855 utdlcemne
851 3805 946 3865 Titum,
955 3805 1085 3863 Marcum,
1096 3805 1194 3869 Ceioni,
1204 3806 1273 3871 epntl
1289 3813 1374 3856 eetne·

295 3877 641 3928 inNotlretEmend.nnrn.
653 3882 693 3928 ts.
853 3887 892 3930 toe
910 3880 1049 3943 scriptores
1069 3881 1217 3944 reperimus.
1249 3879 1373 3934 Quintum

326 3961 344 3987 ¹
362 3955 394 4003 Et
412 3953 510 4004 colum
536 3959 635 4018 tantun,
662 3955 813 4018 mntem]
853 3955 935 4005 adbuc
955 3969 1096 4020 nusquam:
1120 3963 1199 4006 notos
1217 3969 1249 4006 eo
1272 3961 1372 4006 tantum

295 4029 332 4079 Ut
344 4043 458 4080 retortum
468 4028 593 4090 fictilium,
602 4029 694 4095 lnquit,
705 4033 730 4081 in
741 4045 813 4082 eenn-
853 4031 954 4084 noniine
966 4039 1014 4091 eet,
1026 4031 1102 4096 qnod,
1113 4039 1143 4079 ut
1153 4031 1275 4096 cypriant
1288 4030 1373 4080 verbis

295 4105 371 4154 lentie
386 4105 545 4155 nobilitatem
567 4105 664 4155 retinet
684 4105 813 4156 Arretium
852 4113 920 4170 nter,
936 4107 1041 4157 ‘multis
1059 4107 1121 4157 enrit
1139 4107 1266 4172 sordibus,
1278 4117 1307 4159 ut
1324 4106 1373 4156 int·

295 4179 322 4228 in
341 4179 428 4243 ltella,
450 4182 495 4238 ite,
515 4179 560 4232 sed
579 4179 687 4231 calicum
705 4187 814 4244 mutum,
851 4181 943 4245 geret)
1054 4197 1059 4206 ·
1138 4181 1141 4188 ’
