3026 4890
247 347 334 414 tres
611 362 644 410 c.
668 303 787 410 rurnrr
812 357 976 410 securior

248 502 559 589 deprehenduntque
587 503 622 564 in
644 521 685 566 ee
709 521 849 566 amorem
870 501 1021 578 artificis,
1046 505 1079 565 et
1103 497 1287 564 mercedem
1301 498 1332 562 in

248 607 340 670 vultu
351 604 546 668 meretricis.

293 705 406 770 Habet
428 697 461 769 et
480 704 693 768 simulacrum
714 704 896 785 benignitas
918 705 1001 787 ejus.
1047 701 1335 778 Calamidisenim

249 808 418 892 quadrigae
433 808 579 888 aurigam
597 825 695 869 suum
716 805 899 886 imposuit‚⁶
920 824 959 866 ne
984 803 1097 866 melier
1118 803 1149 864 in
1176 819 1335 884 equorum

248 908 353 991 effigie
367 908 531 972 deiecisse
555 909 587 971 in
609 908 740 970 homine
765 905 961 969 crederetur.
1006 905 1089 986 lpse
1114 903 1287 966 Calamisu
1302 907 1336 963 et

249 1011 333 1072 elias
358 1009 535 1091 quadriges
560 1009 721 1092 bigasque
743 1007 831 1081 iecit,
853 1008 948 1088 equis
969 1025 1097 1087 semper
1117 1005 1188 1066 sine
1213 1001 1336 1066 eemulo

249 1111 431 1192 expressis.
475 1109 541 1172 Sed
569 1128 611 1172 ne
639 1108 786 1170 videatur
808 1107 841 1169 iu
865 1105 1034 1169 bominum
1059 1102 1167 1184 effigie
1192 1101 1335 1177 inferior,

249 1206 409 1272 Alcmena
420 1208 470 1255 4⁸*
493 1208 615 1272 nuliius
630 1214 683 1271 est
696 1207 850 1270 nobilior.

292 1306 518 1372 Alcamenes*
548 1308 680 1373 Phidire
705 1305 889 1388 discipulus
916 1311 947 1368 et
973 1323 1157 1368 marmorea
1185 1303 1278 1377 fecit,
1304 1310 1338 1368 et

250 1429 367 1473 eereum
384 1409 585 1492 pentathlum
603 1410 659 1492 qui
683 1414 823 1472 vocetur
846 1406 1128 1470 Eucrinomeuos.x
1171 1404 1221 1468 At
1236 1406 1338 1488 Poly·

250 1510 329 1574 cleti
350 1510 535 1594 discipulus
566 1507 731 1572 Aristides
755 1507 946 1590 quadrigas,
971 1509 1143 1589 bigasque.
1187 1507 1339 1590 Iphicra-

250 1613 354 1675 riser
391 1611 512 1675 [serene
531 1609 705 1688 laudatum
729 1614 871 1671 scortum
895 1607 987 1671 burc²
1016 1608 1096 1690 tyrse
1119 1615 1217 1671 centu
1241 1607 1339 1670 femi-

249 1713 330 1775 iiure
342 1720 369 1758 ⁵⁰
392 1710 577 1775 Harmodio
591 1716 624 1774 et
639 1709 872 1790 Aristogitoni,
888 1709 1028 1771 consitis
1042 1727 1153 1771 eorum
1170 1708 1212 1770 de
1227 1713 1340 1790 tyren·

249 1811 384 1888 uicidio,
398 1831 506 1894 usque
522 1811 565 1874 ud
581 1815 718 1873 mortem
733 1803 958 1874 excruciatae
974 1811 1159 1891 tyrannice
1184 1828 1249 1872 nou
1261 1829 1340 1892 pro-

223 2035 229 2046 ,
281 1999 290 2024 ‘
308 1992 375 2041 Fecit
386 1997 410 2041 et
421 1991 667 2057 Praritrteseffigiem
683 1993 791 2044 atteram.
808 2005 854 2053 qua
866 1990 1031 2052 designasse
1042 1991 1129 2040 indetis
1139 1991 1205 2040 dedit
1215 2005 1341 2052 argum·

250 2062 306 2106 terre.
342 2057 407 2105 Nam
419 2057 548 2106 Cateuss'dis
558 2057 681 2120 quadriga
691 2055 801 2117 aurigeris
811 2069 853 2103 ssa
864 2070 933 2104 mass
943 2056 1086 2104 eleboratum
1096 2056 1215 2117 imposuit.
1223 2058 1264 2117 tpc.

704 2216 734 2236 u
735 2214 882 2236 OOOOOOOO
885 2187 888 2204 ι

250 2332 276 2374 et
288 2326 436 2390 sugg-48
453 2328 513 2378 Vet.
530 2328 619 2378 Deice.
640 2332 840 2380 Arcam—te
858 2330 891 2376 Et
910 2328 1038 2390 Iphicratis
1055 2327 1169 2376 Gronov.
1185 2332 1212 2374 et
1231 2325 1264 2375 si.
1277 2335 1341 2377 ente

250 2391 377 2440 Herdnin.
395 2398 403 2420 ‘
418 2393 547 2454 Iphicrates
557 2393 634 2442 codd.
648 2395 729 2455 Regg.
741 2404 767 2442 er
779 2391 867 2442 Editio
879 2393 1004 2454 princeps.
1026 2391 1130 2439 Frustra
1143 2390 1259 2439 eruditus
1273 2391 1342 2441 Her·

248 2455 341 2503 duinus
351 2457 497 2505 emendavit
509 2457 654 2506 rideretis!
672 2459 782 2506 Brotier.
817 2455 974 2504 nerduinum
992 2455 1072 2502 securri
1085 2455 1179 2503 Mitter.
1194 2456 1301 2517 ttipoat.
1312 2463 1341 2506 et

250 2520 405 2568 Fraus-⁶⁰
423 2519 486 2568 Ced.
506 2521 597 2570 Detur.
612 2521 815 2578 familiaris-51
837 2520 878 2568 lte
889 2519 966 2568 codri.
984 2518 1111 2567 Herduini
1129 2529 1155 2567 et
1175 2519 1267 2568 Detec.
1284 2534 1341 2568 cum

250 2581 309 2632 edd.
322 2583 448 2632 Herduiu.
462 2588 715 2636 tesamenti.
738 2584 872 2634 excruciata
889 2583 996 2647 tyrannis
1014 2582 1131 2633 Gronov.
1149 2591 1177 2632 et
1197 2584 1229 2633 st.
1244 2591 1341 2636 vett.-

741 2723 845 2776 NOTAE

250 2823 270 2872 si
282 2823 440 2886 epigrsunue
458 2837 473 2872 e
489 2823 620 2874 Simonide
640 2823 775 2874 conciunc-
847 2821 995 2884 'dtameac1
1014 2821 1134 2870 Herculis
1146 2829 1236 2870 meter.

250 2907 314 2960 turn,
324 2899 349 2948 in
359 2898 516 2948 Ambobus.
527 2903 566 2950 ti.
577 2907 605 2948 et
615 2897 684 2960 spud
695 2897 775 2946 Athe·
847 2905 863 2930 '¹
889 2897 1037 2961 Alcamenes]
1064 2898 1197 2948 Hactenus
1218 2899 1251 2946 dc
1272 2901 1342 2949 cete·

250 2987 349 3022 nerim:
375 2971 515 3033 Πραξιτέλης
533 2973 561 3022 ts
579 2973 672 3034 ἔπασχε
692 2971 776 3035 διηκρΙ-
815 2972 944 3022 brioribus
967 2961 1100 3023 statueriis
1127 2973 1214 3022 bsbits
1238 2975 1340 3025 aretio:

249 3049 327 3102 decer
338 3043 471 3108 tparsssttt
481 3044 539 3104 Ietas
551 3047 627 3096 ihrer
644 3046 776 3109 ἀρχέτυπον
815 3051 896 3096 ceteri
919 3048 1039 3110 deinceps
1062 3063 1094 3098 ex
1116 3049 1246 3112 etplnbeti
1273 3053 1342 3101 seria

250 3120 354 3184 spartes·
372 3121 446 3185 spirp
456 3121 540 3182 pradis
555 3124 619 3183 epoto
637 3123 711 3172 tricis
727 3123 776 3181 ἐμὲ·
816 3123 971 3186 apportandi.
987 3123 1342 3187 ’AtswimsPsussuioecrm

249 3197 339 3259 φίλτρα
350 3195 375 3245 ti
391 3195 477 3253 βάλλω
497 3196 582 3247 otstrr
595 3196 702 3259 τοξεύων,
719 3197 776 3246 ἀλλ’
815 3198 860 3248 bro
883 3209 1044 3260 memoretur,
1066 3216 1116 3250 nan
1138 3204 1193 3250 siue
1216 3202 1342 3264 peculiari

248 3271 419 3336 dreersdpsras.
457 3272 563 3321 Grotius
585 3273 622 3320 sic
646 3271 773 3321 reddidit:
815 3288 920 3338 operum
929 3275 984 3338 rjus
994 3275 1224 3336 commendetioue,
1234 3279 1259 3324 tn
1273 3274 1343 3325 Atti·

251 3350 330 3404 Quam
339 3349 396 3399 berre
406 3347 634 3411 Praxitetesflnxit,
645 3363 713 3410 quern
722 3362 775 3396 ses·
814 3349 861 3404 cis,
874 3349 1014 3412 Arcadius,
1023 3353 1070 3400 dcc.
1096 3353 1139 3400 De
1149 3365 1180 3399 eo
1191 3365 1292 3399 rursum
1303 3352 1343 3400 iu·

107 3469 110 3480 ,
215 3457 220 3472 ,
248 3423 281 3472 sit
292 3424 417 3474 Amorem:
441 3424 481 3471 De
492 3424 561 3471 corde
578 3424 697 3486 exemptor
712 3437 776 3471 surs-
815 3424 896 3474 terius
916 3439 1016 3475 xxxvi.
1033 3430 1058 3474 d.
1075 3427 1172 3488 etjam
1188 3424 1343 3490 supradixi·

248 3506 310 3550 serat
319 3501 359 3549 itte
369 3515 417 3548 suo.
436 3497 684 3563 Meqsemetpmus
695 3499 775 3562 Phry·
814 3515 878 3551 murs.
1277 3531 1280 3539 ·

248 3592 278 3626 se
298 3579 381 3628 dedit:
402 3579 456 3626 iude
471 3578 567 3639 sagittis
587 3578 634 3627 Nit
652 3592 708 3642 opus
724 3583 775 3626 est:
816 3613 819 3620 .
847 3575 1069 3639 ¹Ertcriroaresas]
1095 3573 1279 3638 'bpspsrdprran
1302 3575 1343 3624 iu-

249 3653 330 3702 videar
340 3654 362 3702 si
373 3655 448 3712 neda,
457 3652 571 3712 satferia.
815 3651 904 3714 prioris
930 3651 1099 3715 approbatus,
1126 3650 1221 3700 ceteris
1249 3651 1343 3714 prete·

282 3735 294 3758 ¹¹
310 3727 363 3788 Ipse
383 3727 499 3789 Calamis]
521 3727 559 3774 De
576 3727 716 3783 ceiamidr.
733 3727 775 3776 Ci-
816 3735 866 3776 tus.

249 3815 310 3852 cero
322 3803 346 3851 in
358 3802 451 3862 Bruta,
465 3817 491 3864 p.
507 3807 563 3851 ⁶³5.
580 3803 719 3852 Panssuiss
732 3803 774 3851 tib.
847 3809 857 3844 t
876 3801 1005 3864 Iphicratis
1022 3799 1172 3864 [Iisicrdb]
1191 3799 1259 3862 'Iypi
1282 3800 1343 3850 buc·

249 3889 288 3925 vr.
301 3891 327 3940 p.
338 3880 394 3926 stit.
411 3876 564 3938 Propertius
577 3889 618 3926 ιιι.
630 3881 654 3927 8.
671 3877 679 3904 ‘
691 3878 774 3926 Exsc-
816 3883 890 3924 tenna
903 3875 1081 3939 munierunt,
1095 3875 1128 3924 Et
1139 3874 1277 3936 Iphicratis.
1304 3876 1344 3926 nt

250 3951 282 4000 tis
309 3949 420 4000 cetensis
447 3962 476 3996 se
500 3949 559 3996 mibi
579 3950 666 4011 jsctat
685 3949 775 4013 equis.'
815 3949 1139 4012 idemsuprs'l'isicretern
1154 3949 1278 3999 laudarit.

250 4025 329 4077 Ouid.
340 4039 372 4074 ex
391 4024 475 4073 Ponto
485 4037 522 4072 ιν.
535 4029 559 4072 1.
568 4028 610 4074 st.
635 4025 774 4076 ‘Vindicet
846 4034 856 4059 ²
873 4025 984 4074 Scortum
995 4024 1055 4088 haec]
1073 4025 1164 4076 Refert
1175 4026 1224 4075 boc
1240 4040 1343 4090 quoque

250 4109 278 4148 ut
300 4101 411 4151 Catenis
428 4099 516 4150 tendes
538 4115 600 4164 quas
616 4099 679 4151 tecit
695 4114 770 4166 equo·
815 4099 847 4148 de
869 4101 964 4150 Leserm
981 4100 1120 4150 ¹rtrtsenaeus
1139 4099 1185 4149 tib.
1206 4114 1271 4152 xrrr.
1284 4105 1342 4154 cue.

250 4175 323 4226 sunl
792 4227 796 4234 ,
815 4173 882 4226 ltsru
894 4175 1034 4226 Psussniss
1045 4177 1089 4226 tib.
1100 4189 1120 4228 t.
1132 4190 1158 4240 p.
1171 4179 1210 4225 ⁴8.
