3106 4892
264 377 351 446 4802
623 393 654 442 c.
677 392 799 442 rururr
823 391 991 447 suouuur

263 538 346 604 titis.
388 535 628 621 Exorescitque
646 537 682 600 in
697 537 771 602 dies
791 537 865 622 ejus
880 538 929 602 rei
942 537 1057 616 luxus,
1071 535 1239 602 murrhioo
1258 551 1356 602 unx.

264 634 444 704 talentis²¹¹
468 645 571 717 emto,
597 637 718 722 capaci
747 638 845 723 plane
870 637 914 703 ad
940 637 1105 702 sextarios
1127 635 1213 701 tres¹
1240 638 1358 702 calice.

265 740 405 806 Putavit
433 759 478 803 ex
507 759 548 804 eo
576 744 651 804 ante
674 740 735 803 hos
761 758 863 804 annos
888 741 1085 818 consularis,
1111 741 1156 804 oh
1181 747 1359 804 amoremm

265 843 408 908 ahroso³
432 841 506 926 ejus
521 842 676 924 margine,
698 849 737 906 ut
756 851 866 906 tamen
888 842 1011 926 injuria
1026 841 1084 906 iila
1100 843 1240 924 pretium
1257 861 1359 924 auge·

265 949 336 1010 ret:
358 963 466 1027 neque
483 949 533 1008 est
553 943 652 1008 hodie
678 944 837 1008 murrhini
861 943 997 1010 alterins
1020 944 1250 1028 praestantior·
1271 943 1362 1008 iudi-

266 1052 405 1112 caturae
449 1044 542 1109 Idem
564 1047 598 1110 iu
619 1047 755 1129 reliquia
770 1050 899 1129 generis
914 1045 990 1129 ejus
1005 1051 1165 1130 quantum
1179 1047 1360 1124 voraverit,

264 1149 344 1213 iicet
358 1148 551 1212 existimare
564 1168 610 1212 ex
625 1149 846 1226 multitudiue,
859 1169 936 1233 quae
949 1155 1043 1212 tauta
1057 1149 1131 1227 inii,
1143 1152 1181 1212 ut
1191 1147 1360 1212 auferente

264 1250 378 1313 liberis
400 1247 475 1332 ejus
488 1305 491 1310 .
505 1247 640 1313 Nerone
664 1249 837 1330 Domitio,⁵
867 1249 1033 1315 theatrum
1065 1248 1235 1332 peculiare
1265 1255 1360 1313 trans

264 1350 413 1415 Tiberim
440 1350 591 1414 hortis⁴⁰
621 1351 781 1432 exposita
808 1357 1032 1434 occuparent:
1063 1348 1154 1432 quod
1183 1368 1204 1412 a
1231 1351 1360 1433 populo

264 1451 397 1535 impleri
411 1456 545 1515 canente
559 1469 609 1526 se,
624 1451 703 1514 dum
718 1451 952 1536 Pompeianop
974 1449 1152 1534 praeludit,⁶
1170 1451 1270 1514 etiarn
1289 1451 1361 1514 Ne-

214 1581 217 1590 ·
264 1554 339 1619 roni
353 1551 435 1618 satis
450 1557 532 1615 arat.
574 1549 657 1614 Vidi
673 1556 749 1616 tunc
765 1552 990 1616 annumerari⁵
1004 1552 1103 1615 unius
1118 1551 1234 1635 scyphi
1250 1549 1361 1616 fracta

296 1734 310 1824 t
325 1727 597 1842 {Iftmxmpiiwtioeaor
606 1806 634 1841 eo
642 1793 724 1855 pacato
735 1790 877 1868 hieriagy'rrr
890 1793 1003 1852 mmet.

297 1862 307 1888 ⁸
322 1856 389 1906 Dara
396 1870 422 1906 rr
428 1862 498 1920 porci
508 1857 540 1906 od
550 1858 679 1906 namara
689 1871 715 1906 ra
726 1857 836 1920 Pompeia
846 1857 949 1907 theatro.

721 1999 839 2021 ennon
842 1999 902 2021 mo

264 2103 374 2150 nou-2
391 2099 433 2149 Ita
444 2100 522 2152 codd.
534 2100 616 2162 rien.
632 2101 657 2148 2.
667 2103 692 2149 6.
704 2105 729 2149 6.
740 2055 764 2148 6.
777 2059 908 2149 Harduin.
925 2108 953 2149 et
973 2100 1068 2148 Drior.
1085 2112 1142 2149 conr
1161 2051 1362 2148 6611010616.

265 2168 289 2212 1.
299 2169 324 2213 0.
334 2167 394 2212 &et
406 2173 517 2213 receuti.
549 2165 638 2212 Lxx.
648 2165 763 2213 reatntiia
776 2165 852 2214 codd.
870 2163 982 2213 Vindoh.
999 2171 1026 2213 et
1045 2163 1209 2214 Ambrosian.
1241 2164 1362 2224 artemi

264 2227 452 2276 uuerttiaedd.
472 2234 538 2276 vett.
558 2231 586 2276 et
604 2227 767 2276 tironem-³
786 2229 828 2277 ita
846 2228 923 2277 codd.
941 2228 1068 2277 Harduiui
1085 2236 1112 2278 et
1127 2229 1220 2277 Drior.
1232 2241 1288 2276 euru
1301 2224 1361 2272 edd.

266 2290 427 2340 Harduiud.
438 2295 463 2340 2.
474 2295 499 2340 3.
510 2298 537 2340 ei
548 2299 657 2339 recenti.
690 2291 771 2340 chrm
781 2293 896 2341 Gronov.
909 2299 936 2340 et
947 2293 1083 2354 vulga-4
1101 2294 1163 2340 Vet.
1177 2293 1268 2341 Daieo.
1278 2288 1360 2348 sori&

266 2354 299 2402 ai.
316 2354 394 2412 oreta,-
409 2355 434 2403 ai
447 2363 512 2403 reti.
528 2355 554 2403 ia
572 2355 706 2403 tortia-6
724 2354 782 2404 ‘Ita
793 2354 870 2406 codd.
882 2357 963 2418 Regg.
977 2361 1002 2405 0.
1013 2361 1037 2404 a.
1071 2355 1103 2405 in
1115 2356 1174 2406 eod.
1186 2355 1252 2417 Reg.
1264 2359 1289 2401 6.
1304 2351 1360 2401 Vtri

265 2417 423 2467 mmai.
456 2419 527 2467 Mate
540 2417 626 2466 Editio
638 2419 769 2482 princepe,
782 2421 823 2483 qai
835 2425 885 2470 tura
895 2421 956 2468 vidit
967 2420 1138 2469 aarum?
1151 2419 1265 2468 Brotier.
1293 2419 1360 2463 erat.-

264 2483 306 2546 prri
316 2483 378 2532 cidit
387 2487 444 2533 tuae
452 2483 604 2533 annumerari
615 2482 675 2531 eoo.
687 2490 751 2534 vett.
759 2483 875 2534 Gronov.
885 2485 1013 2534 Heronio.
1023 2489 1045 2534 1.
1054 2489 1079 2533 2.
1088 2488 1112 2533 ³.
1121 2489 1150 2533 at
1160 2489 1273 2532 receuti.
1299 2483 1360 2528 mr.

758 2632 866 2683 NOTAE

266 2741 320 2789 cra,
330 2727 494 2792 pluteosque,
510 2726 603 2792 quibua
616 2739 686 2790 rara,
698 2727 793 2777 caude·
864 2735 877 2770 ¹²
893 2727 960 2776 Dura
971 2722 1126 2790 Pompeiano]
1141 2723 1281 2773 Theatrum
1297 2721 1359 2771 iilud

265 2801 399 2866 labraque,
420 2811 448 2852 et
470 2803 522 2854 alia
544 2803 710 2867 imponimus.
742 2804 794 2854 Der
833 2801 1056 2852 Transtiberinam
1065 2800 1149 2850 innuit
1162 2797 1313 2863 Pompeiani
1322 2795 1361 2844 fn·

264 2875 401 2938 garrirent.
833 2881 883 2928 iare
903 2877 1065 2942 praeludium.
1092 2877 1158 2928 Naro
1177 2877 1259 2932 Nero,
1280 2875 1361 2939 priua·

298 2951 311 2986 Β
327 2952 416 3002 LXX.
426 2952 534 3014 iuratio]
552 2953 594 3002 lta
606 2955 671 3016 Reg.
683 2955 707 3002 0.
720 2952 793 3002 Coih.
834 2969 910 3018 quaer
922 2953 989 3003 hene
1001 2951 1179 3018 perfricuiaaet
1188 2950 1309 3008 frontem,
1317 2949 1361 2998 uri·

266 3030 291 3075 0.
297 3026 357 3076 Vet-
368 3029 461 3076 Daiec.
485 3027 601 3077 Moneta
614 3035 710 3077 nostra
721 3027 794 3076 libra
834 3031 938 3080 uorihoa
951 3044 979 3079 ae
990 3029 1130 3079 orientavit
1141 3028 1256 3088 rhoeteia,
1264 3034 1361 3090 poene·

200 3147 203 3152 .
265 3109 335 3162 aunt,
346 3115 392 3150 reu
403 3100 502 3158 tirreni,
516 3106 618 3152 166000.
635 3103 678 3151 De
689 3101 794 3150 taieutia
834 3118 876 3155 ruo
887 3106 912 3153 in
926 3105 1045 3169 Pompeii
1056 3103 1167 3166 theatro,
1178 3103 1204 3151 iu
1220 3110 1360 3166 couapeetu

266 3174 363 3226 Atticia
372 3176 428 3225 hac
441 3176 591 3240 accipimur,
601 3175 633 3224 de
646 3174 737 3240 quihus
748 3176 794 3224 aii·
835 3179 915 3230 totius
935 3178 1024 3244 popuii
1051 3177 1291 3242 Romaniineptire
1311 3189 1360 3226 nou

266 3251 302 3300 hi.
312 3279 317 3290 .
327 3251 395 3314 Typi
414 3250 511 3313 vulgati
523 3250 662 3312 morenos,
676 3249 794 3298 LXXX·
834 3253 950 3318 eruhuit,
961 3255 1014 3304 aire
1026 3252 1165 3314 cautando,
1176 3251 1231 3302 aire
1244 3251 1360 3314 aurigau-

266 3325 393 3387 reatertir'r,¹
404 3325 474 3374 nulio
485 3322 752 3386 codieaauffrrgrute.
836 3329 878 3379 do.
901 3327 1064 3392 Tranquiiiua
1083 3328 1109 3376 iu
1127 3327 1241 3384 Nerone,
1252 3341 1310 3390 rap.
1320 3330 1360 3376 22.

297 3399 304 3434 ¹
321 3401 362 3452 Aa
372 3400 488 3450 muer
497 3400 557 3463 iret]
574 3401 701 3449 Menaura
712 3399 795 3450 Galli·
834 3404 918 3453 ‘Mox
937 3412 965 3453 et
981 3404 1038 3465 ipae
1055 3402 1182 3465 aurigare,
1193 3407 1272 3465 atque
1283 3402 1360 3452 etiarn

267 3489 309 3536 ca,
327 3477 393 3524 derra
407 3475 486 3539 piata
502 3481 526 3524 et
542 3475 697 3526 deariaetier.
726 3475 794 3525 vide
835 3479 948 3542 aperturi
959 3478 1055 3542 rapina
1073 3479 1171 3527 voluitr
1188 3479 1323 3542 positoque
1334 3479 1360 3527 iu

268 3563 324 3614 qua
336 3550 447 3600 diatmua
456 3563 517 3602 xiv.
528 3557 553 3602 6.
834 3554 934 3613 Hortis,
955 3553 1024 3604 iuter
1045 3553 1163 3615 aerritia,
1183 3560 1211 3602 et
1230 3553 1359 3604 sordidam

299 3633 317 3658 ¹
335 3625 500 3692 occurren]
521 3629 581 3680 Quo
599 3628 706 3679 calicem
726 3627 793 3679 hunc
833 3631 937 3696 pichenr
959 3631 1114 3690 rudimento,
1136 3630 1311 3679 uniraraoruur
1333 3645 1361 3680 aa

268 3700 413 3763 deperibat.
832 3707 951 3758 occhein
964 3707 1040 3756 Circo
1052 3705 1162 3753 maximo
1173 3702 1304 3768 praebuit!
1317 3705 1360 3754 -Et

298 3783 312 3810 ¹
327 3777 488 3827 Proerieatirr
503 3779 652 3843 indicaturo]
673 3779 792 3829 Dirimur
833 3789 919 3844 auter,
929 3795 952 3832 e.
963 3786 1004 3830 21.
1021 3781 1108 3830 ‘Corn
1119 3779 1205 3844 magui
1221 3779 1361 3829 aestimaret

266 3852 300 3901 de
310 3852 359 3902 hac
375 3867 439 3903 roca
450 3853 476 3901 in
491 3854 600 3906 Frater.
611 3857 644 3905 ad
655 3856 753 3919 Titum,
764 3863 792 3906 et
832 3855 1034 3912 centaretum
1043 3855 1134 3905 Rourre
1145 3857 1291 3906 Neroneum
1299 3867 1360 3918 ago·

267 3941 353 3980 axrx.
364 3933 389 3980 0.
832 3948 864 3984 ur
876 3942 936 3984 aute
946 3934 1122 3996 praertitutaur
1130 3931 1199 3980 diem
1211 3931 1359 3981 revocarit:

297 4005 425 4069 ‘HertirJ
450 4005 482 4056 In
500 4007 581 4058 hortis
598 4007 659 4064 noia,
678 4007 792 4058 Neronia
830 4006 1303 4074 flagitanrihuaqnecunctircoeieateur
1315 4021 1358 4056 ro·

266 4081 373 4131 scilicet.
401 4083 434 4133 P.
446 4083 539 4134 Victor
549 4087 575 4134 iu
594 4083 724 4148 Dercript.
740 4085 792 4134 Ro·
831 4099 897 4141 uem,
918 4083 1049 4148 reapondit
1064 4081 1167 4145 quidam
1184 4081 1209 4131 io
1227 4081 1319 4132 Hortir
1330 4096 1358 4132 aa

266 4171 324 4219 ma,
336 4159 442 4221 regione
453 4171 512 4210 arv.
528 4161 747 4212 ‘'frana'riberiur
756 4194 762 4210 .
772 4190 792 4211 .·
831 4161 934 4224 copiam
946 4159 1090 4210 volentibus
1102 4155 1249 4208 iacturum·'

266 4233 365 4286 iiortur
378 4235 504 4286 Domitii!
