3026 4890
275 371 361 438 ⁴482
641 381 672 433 o.
697 387 816 436 rcrrrm
839 379 1005 434 snouunr

278 537 412 596 autem*
433 528 564 594 cadmia
586 528 621 593 in
646 527 749 611 Cypri
771 528 960 593 lomacibus
982 527 1118 608 optima,
1141 525 1321 611 iterumque
1340 547 1362 594 a

278 631 418 694 medicis
441 631 629 712 coquitot¹³
653 631 798 694 carbone
828 647 923 711 puro,
947 635 1046 711 atque
1076 628 1133 692 ubi
1160 629 1195 691 ln
1223 629 1364 692 cinerem

223 802 228 810 ¹
278 730 389 806 rediit,
404 731 607 810 extinguitur
621 728 699 792 vino
716 729 858 804 amineo,
873 728 1014 811 qumad
1037 728 1219 810 emplastra
1231 745 1362 811 praepa·

276 835 385 894 ratur:
407 850 484 913 quoe
499 848 578 893 uero
593 827 637 892 ad
651 847 781 911 psoras,
800 835 905 893 aceto.
950 826 1094 905 Quidam
1110 831 1142 890 in
1157 828 1257 892 ollis·
1278 829 1363 892 licti-

276 930 364 994 libns
385 938 494 995 tusam
518 937 629 1005 urunt,
652 947 692 992 ac
713 930 825 994 lavent
846 929 880 991 in
899 929 1076 1006 mortariis,
1090 933 1206 1011 postea
1221 929 1365 992 siccant.

278 1031 541 1114 Nymphodorus
555 1029 700 1113 lapidem
714 1029 848 1112 ipsumb
870 1049 967 1112 quam
985 1029 1212 1110 gravissimum
1226 1029 1365 1111 spissis·

278 1133 463 1213 simumque
487 1131 553 1194 urit
579 1149 696 1213 prona,
722 1138 756 1193 et
778 1135 934 1194 exustum
959 1129 1045 1193 chio
1071 1130 1147 1192 vino
1176 1131 1364 1210 restinguit,

276 1232 460 1314 tunditque,
474 1249 552 1294 mox
568 1231 670 1294 linteo
685 1231 820 1306 cribrat,
843 1237 945 1312 atque
966 1231 999 1293 in
1020 1230 1172 1295 mortario
1186 1231 1269 1305 terit,
1284 1247 1365 1294 mox

277 1347 366 1414 aqua
381 1331 497 1416 pluvia
510 1338 668 1407 maceret,
682 1331 867 1412 iterumque
890 1331 965 1394 terit
978 1330 1066 1412 quod
1082 1327 1238 1404 subsidit,
1254 1330 1364 1394 donec

277 1449 424 1496 cerussae
440 1431 557 1495 eimHis
572 1429 642 1506 fiat,
657 1431 748 1494 nulla
762 1430 907 1494 dentium
927 1428 1078 1494 offensa‘
1118 1429 1246 1493 Eadem
1268 1429 1364 1495 Iollae

277 1533 408 1596 actiot‘
420 1538 447 1579 ¹⁴
467 1531 524 1595 sed
539 1549 636 1613 quam
652 1531 861 1613 purissimum
878 1529 1028 1612 lapidem
1048 1530 1149 1612 eligit.

321 1648 442 1695 xxrrr.
462 1631 614 1696 Cadmiae
650 1626 809 1693 effectusd
844 1629 981 1706 siccare,
1011 1637 1211 1712 persanare,¹
1245 1630 1363 1696 sistere

276 1734 450 1808 fluxiones,
465 1731 614 1814 pterygia
634 1737 667 1794 et
687 1728 805 1793 sordes
819 1728 991 1792 oculorum
1008 1747 1157 1811 purgare,
1173 1730 1364 1794 scabritiem

278 1837 465 1907 extenuare,
481 1837 516 1894 et
529 1829 691 1913 quicquid
713 1831 748 1893 in
771 1827 900 1911 plumbi
915 1827 1033 1892 effectu
1049 1829 1211 1893 dicemus.
1254 1830 1300 1893 Et
1313 1849 1363 1894 aes

276 1932 386 2016 ipsum
418 1933 460 1996 ad
492 1931 603 1994 omniu
632 1928 767 1994 eadem‘
797 1930 915 1992 uritur:
948 1936 1159 2012 praeterque,²
1181 1931 1364 2012 albugines

277 2034 449 2098 oculorum
480 2040 515 2096 et
543 2031 726 2094 cicatrices.
770 2029 890 2092 Ulcera
920 2049 1054 2112 quoque
1083 2031 1254 2095 oculorum
1285 2051 1363 2097 cum

276 2133 363 2198 lacte
385 2139 491 2206 sanat,
514 2132 615 2213 idque
633 2128 779 2212 AEgyptii
802 2128 931 2210 collyrii
951 2129 1048 2194 modo
1064 2139 1174 2196 terunt
1188 2133 1223 2195 in
1237 2134 1362 2196 coticu-

275 2233 331 2295 lis.
375 2231 471 2294 Facit
484 2236 516 2295 et
530 2231 724 2293 vomitiones
748 2248 767 2292 e
789 2230 887 2293 melle
910 2239 1067 2294 sumtum.
1115 2231 1227 2296 Uritur
1248 2241 1362 2297 autem

275 2325 456 2413 Cyprium‘
475 2330 508 2392 in
534 2327 692 2392 fictilibus
718 2328 829 2392 crudis
853 2347 927 2392 cum
950 2330 1087 2394 sulfuris
1110 2334 1183 2415 pari
1206 2332 1362 2414 pondere,

307 2519 321 2551 Ι
336 2508 379 2560 Sic
389 2515 412 2558 et
421 2508 569 2567 Iuliotsact't.

273 2724 296 2769 ei
307 2723 436 2768 cetermm
445 2715 606 2768 sordidissim
617 2717 731 2768 Gronov.
743 2726 770 2768 et
783 2719 931 2782 intpp—li
949 2719 1010 2767 Vet.
1030 2719 1123 2768 Doleo.
1138 2720 1233 2780 optem
1268 2717 1360 2768 lem

275 2783 400 2832 cMedicie
408 2796 435 2831 en
443 2783 558 2845 coquitur.
591 2783 662 2837 Mox,
673 2783 700 2830 ia
709 2783 808 2832 mactem
818 2781 939 2844 redigitur
953 2783 1011 2832 cod.
1022 2783 1177 2832 Dulce—lt
1195 2783 1256 2830 Vct.
1267 2783 1359 2832 Doleo.

278 2847 423 2904 naucratim
440 2847 483 2894 alii
496 2854 559 2895 vett.
569 2849 720 2908 properatio.

309 2911 375 2960 Cre.
388 2923 470 2959 xxrrr.
503 2913 516 2958 1
535 2911 595 2959 Vct.
612 2910 703 2959 Dulce.
713 2911 812 2970 siccare,
822 2909 900 2959 uicere
917 2913 1101 2972 permeare-2
1118 2909 1180 2958 Vet·
1193 2907 1287 2958 Deice.
1296 2917 1361 2972 μ’..

763 3066 869 3118 NOTAE

305 3189 316 3215 ¹
333 3181 417 3230 Omnis
432 3179 521 3241 cutem]
544 3179 634 3230 Dlosc.
650 3178 797 3229 inabitat
868 3188 879 3214 ⁰
896 3181 930 3229 m
940 3194 972 3228 ee
982 3180 1058 3243 ipsun
1068 3182 1099 3229 cd
1109 3181 1185 3229 enain
1195 3179 1287 3242 mdem]
1301 3177 1361 3230 linc

275 3256 416 3320 postillam
427 3254 561 3305 Oribcsiur
580 3254 596 3302 Ι.
609 3265 671 3302 xrrr.
682 3250 726 3303 fol.
741 3256 798 3303 827.
836 3262 885 3316 eet,
908 3263 937 3303 ut
954 3255 1043 3304 Diosc.
1063 3254 1215 3318 explicatius
1235 3253 1316 3303 tradit
1332 3269 1361 3306 r.

274 3330 382 3380 totidem
394 3327 497 3377 orouioo
509 3327 602 3376 verbis.
836 3333 876 3378 87.
891 3328 923 3378 ad
938 3327 1096 3390 siccandum,
1107 3328 1275 3392 purgandum,
1287 3337 1363 3378 exte-

304 3413 317 3440 ·
329 3405 432 3462 Quidam
442 3403 469 3452 io
478 3403 542 3465 otiu]
559 3403 646 3452 Diosc.
655 3409 681 3452 et
692 3399 795 3453 Oribas-
835 3405 975 3466 nuendum,
992 3407 1080 3455 ulcere
1097 3405 1129 3454 ad
1140 3405 1288 3455 cicatricem
1300 3419 1361 3468 per-

273 3479 338 3530 locie
352 3481 395 3530 cit.
835 3479 963 3541 ducende,
979 3481 1111 3530 oculorum
1128 3480 1191 3529 vitia
1205 3479 1361 3544 exterenda,

306 3553 318 3588 δ
333 3555 445 3618 brpidenr
455 3553 545 3616 ipsum]
572 3554 611 3601 Ex
622 3567 673 3616 quo
683 3551 739 3601 fieri
751 3565 794 3608 ει,
835 3559 883 3604 dic.

273 3641 400 3693 quemque
409 3627 675 3693 cadmiamtppellari.
684 3629 794 3677 diximnt
866 3629 980 3681 ‘Uritur
989 3636 1067 3681 auten
1081 3628 1207 3694 Cyprium]
1234 3631 1359 3682 AEescili.

274 3703 428 3751 enbicitinrn
438 3704 513 3764 brrjos
524 3718 581 3766 cap.
834 3713 886 3756 cet.
914 3707 1000 3757 Dioec.
1016 3721 1042 3756 v·
1059 3710 1100 3756 81.
1118 3707 1158 3755 nri
1169 3705 1205 3754 sic
1215 3705 1294 3768 jubet
1306 3708 1359 3758 cia·

305 3785 316 3810 ⁰
333 3778 409 3826 Nullo
418 3779 523 3826 dentium
532 3774 634 3842 offecto]
644 3775 793 3831 lienteum
834 3796 878 3832 vor
897 3796 978 3832 tereos
999 3782 1181 3831 dissolutarum
1200 3780 1312 3838 narium.
1331 3783 1359 3834 iu

272 3851 411 3914 Μᾶῑῑῦῐ,
438 3852 558 3902 dentibus
579 3851 666 3901 cedat.
706 3847 794 3902 Diosc.
833 3855 1050 3907 fictilibmemdis
1067 3856 1359 3919 compositumcomin-

271 3929 321 3978 loc.
337 3927 381 3977 cit.
654 3922 659 3931 '
835 3937 862 3981 to
878 3929 984 3990 sulfure.
1003 3945 1061 3980 conr
1082 3931 1140 3978 salii
1160 3930 1216 3994 pari
1233 3931 1358 3997 pondere,

301 4002 314 4036 θ
333 4002 437 4052 Cudmia
455 4001 563 4066 epfectru]
581 3997 666 4050 Diosc.
682 4001 732 4052 loc·
749 4003 793 4052 cit.
834 4013 861 4056 et
877 4006 965 4056 iisdem
977 4005 1015 4055 bis
1031 4005 1142 4054 vicissim
1153 3998 1359 4068 inspersist'olla

271 4079 374 4142 Δύναμν
387 4077 413 4128 ii
427 4077 478 4139 ixei
493 4076 631 4136 στυπτικὴν,
647 4077 796 4139 κοιλωμάτων
834 4079 927 4130 deinde
944 4081 1105 4143 operculum,
1123 4079 1201 4129 etium
1215 4079 1359 4144 circumlito

273 4153 504 4219 ὄνπληρωμωὴν,
517 4153 658 4218 «mammis
671 4155 792 4217 ῥνπαριᾶν,
833 4163 905 4206 crete
915 4154 1014 4218 figulari
1022 4156 1189 4218 spiramento,
1199 4154 1296 4204 inditur
1305 4153 1358 4206 for·

272 4240 361 4284 mu.
832 4228 1357 4305 naci,donecliglinompieoepercoqua·
