3128 4892
247 382 335 450 liud
617 399 650 450 o.
674 397 796 447 aaran
820 397 985 450 sacuam

248 517 390 600 Species
416 517 609 602 Sinopidis?
632 524 710 596 tras,
731 519 841 597 rubra,
864 525 896 586 et
917 519 1028 584 miuus
1050 519 1187 592 rubens,
1211 523 1244 584 et
1263 519 1343 584 inter

248 620 310 684 has
325 618 444 684 media
489 617 642 684 Pretium
657 620 794 705 optimm
817 621 851 686 in
872 621 989 699 libras,
1010 636 1052 684 x.
1068 629 1147 684 11.lq
1191 619 1285 686 Usus
1299 619 1344 686 ad

249 720 454 803 penicillum,
477 729 535 787 aut
557 721 586 786 si
610 722 736 804 lignum
759 723 909 788 colorare
931 724 1046 789 libeat.
1091 723 1185 807 Ejus,
1202 741 1280 806 quoa
1300 739 1347 786 ex

250 821 368 888 Africa
409 825 511 901 venit,
552 824 665 888 octoni
705 843 800 888 asses
814 831 851 888 ι’
894 824 1093 890 cicerculum
1131 823 1347 907 appellarim·

252 922 342 1002 Qua
364 926 472 1008 magis
495 927 615 990 ceteris
636 926 741 1003 rubet,
758 926 873 990 utilior
888 926 1026 990 abacis.²
1071 926 1167 990 Idam
1182 927 1347 1010 pratium¹¹

252 1026 338 1110 ejus,
353 1045 430 1110 quae
446 1027 618 1111 pressiorv
634 1036 787 1104 vocatur,
801 1036 836 1092 et
849 1033 922 1092 est⁵
938 1027 1085 1091 maxime
1099 1026 1207 1092 fusca.
1252 1027 1347 1092 Usus

253 1127 326 1211 ejus
352 1127 396 1192 ad
423 1130 524 1194 bases
552 1130 746 1193 abacorum.
790 1128 831 1192 lu
857 1127 1057 1192 medicina'
1089 1147 1170 1192 vero
1196 1126 1348 1204 blandus,

253 1229 508 1314 emplastrisque
538 1237 571 1296 et
601 1231 821 1312 malagmatis,
858 1229 930 1294 sive
964 1232 1077 1294 sicca¹
1107 1229 1350 1313 compositione

254 1331 340 1415 ojus,
356 1332 427 1395 sive
443 1332 582 1416 liquida,
596 1331 705 1396 facilis
717 1329 752 1394 :⁶
773 1339 888 1396 contra
904 1331 1016 1397 ulcera
1038 1331 1072 1395 in
1086 1331 1248 1394 humore·
1270 1332 1349 1407 sita,

254 1434 358 1500 ueluti
382 1433 461 1512 oris,
483 1433 583 1498 sedis.
628 1433 751 1498 Alvum
774 1434 861 1499 sistit
875 1433 1028 1499 inlusa:5
1049 1433 1260 1498 ioeminurnm
1274 1451 1350 1516 pro-

255 1535 373 1615 fluvia,
387 1544 469 1619 pota
483 1535 610 1601 denarii
625 1535 781 1619 pondere.
826 1534 954 1600 Eadem
970 1533 1091 1600 adusta
1104 1533 1211 1598 siccat
1225 1533 1350 1599 scabri-

254 1639 319 1702 tias
335 1639 519 1716 oculorum,
533 1658 551 1702 e
567 1638 643 1702 uiuo
657 1639 815 1702 maxima.

300 1755 384 1802 xrv.
429 1739 612 1804 Rubrium·
634 1756 740 1821 genus
766 1739 800 1801 in
825 1757 867 1802 ea
892 1737 1027 1803 voluere
1050 1737 1189 1819 intelligi
1215 1735 1351 1822 quidam

256 1839 411 1906 secundm
428 1840 656 1905 auctoritatis:
668 1841 814 1923 palmam
825 1841 911 1904 enim
924 1838 1221 1906 Lemnimdabant.
1243 1839 1352 1904 Minio

289 2029 301 2052 ¹
319 2021 539 2072 [abrahamis.

713 2129 894 2154 “cuonone

258 2265 354 2314 Miller.
366 2265 474 2328 Bipont.
487 2273 513 2316 et
525 2267 664 2314 Franz—2
684 2263 739 2314 linc
753 2265 792 2313 ssi
803 2263 862 2314 cod.
875 2264 1013 2315 Doleo-³
1032 2262 1074 2313 lta
1092 2259 1168 2312 codd.
1181 2261 1264 2324 Regu.
1278 2261 1355 2312 llrot.

259 2337 286 2378 et
299 2328 375 2378 Voss.
400 2331 494 2392 optimo
504 2333 557 2378 den.
570 2330 599 2378 X
602 2329 637 2378 11.
648 2328 707 2378 cod.
727 2329 818 2379 Dalec.
830 2329 892 2378 vid.
904 2328 966 2378 Not.
979 2329 1054 2376 Varr.
1082 2326 1214 2390 optimis
1231 2327 1303 2374 libros
1315 2325 1352 2375 X.

261 2393 314 2443 111.
327 2391 452 2443 Hardnin.
465 2399 487 2442 l.
498 2399 523 2444 2.
534 2398 558 2443 3.
569 2394 663 2443 Miller.
675 2393 782 2456 Bipour.
791 2400 818 2444 et
829 2393 922 2442 Fraus.
939 2393 1033 2456 optime
1044 2392 1069 2440 is
1080 2392 1154 2440 libros
1166 2391 1195 2440 X
1197 2391 1209 2439 l
1213 2389 1248 2439 ll.
1259 2390 1354 2440 danorii

261 2457 376 2506 Gronov.
388 2465 415 2506 et
426 2459 459 2508 ul.
469 2462 581 2508 seta-d
600 2458 658 2506 Vet.
669 2457 758 2506 Dalec.
768 2457 905 2507 &aalma
916 2459 1093 2520 oppetiere-s
1110 2456 1171 2504 Ver.
1184 2455 1274 2504 Dalec.
1284 2469 1356 2503 osro-

261 2527 309 2572 tar.
344 2523 382 2570 cu
391 2527 486 2572 esa-6
502 2522 576 2572 Idem
588 2521 649 2571 Vet.
659 2521 836 2584 emplastrisque
845 2527 870 2571 et
885 2521 989 2584 postillis
999 2521 1049 2570 rius
1059 2533 1079 2568 s·
1089 2535 1109 2569 o.
1121 2534 1141 2568 c.
1150 2534 1170 2569 a.
1181 2519 1283 2582 liquida,
1292 2519 1356 2568 dila-

261 2585 400 2698 ‘'Jfflffiff
414 2595 444 2700 ¹er
456 2588 494 2637 sic
504 2600 592 2650 margo
603 2584 664 2636 edd·
676 2587 768 2638 Dalec.
776 2597 804 2636 at
813 2586 928 2638 Gronov.
941 2601 956 2636 a
968 2586 1058 2636 Dicae.
1092 2585 1165 2647 Mos,
1175 2583 1271 2634 lame
1279 2584 1357 2632 olsila

263 2665 306 2699 arr
317 2665 359 2714 ap.
397 2664 461 2701 uec.

755 2795 863 2848 NOTAE

295 2919 308 2954 Ρ
335 2910 429 2975 Species
451 2911 585 2974 Sinopidis]
618 2911 733 2961 Isidorus
757 2909 790 2959 ad
830 2909 940 2960 loribusr
958 2910 1051 2974 vulgus
1073 2907 1143 2972 apud
1165 2921 1211 2957 noa
1232 2907 1358 2970 conparti-

263 2985 369 3035 serburu
382 2987 579 3048 Orlg.xra.1‘l.
831 2991 909 3036 narr
918 2993 1058 3049 nuncupat.
1094 2985 1136 3034 Da
1147 2984 1187 3033 luis
1198 2997 1257 3048 cau.
1268 2985 1294 3033 1.

295 3068 307 3102 1
318 3060 349 3108 Ia
360 3058 670 3125 trlrm,x.11.[x.111.]
682 3060 791 3110 Deuarii
863 3068 875 3094 ¹
891 3062 958 3110 Idas
965 3061 1080 3126 pretim
1096 3059 1192 3108 Octaui
1204 3071 1283 3108 assas.

264 3143 327 3195 trra,
334 3135 445 3185 Gallica
455 3145 567 3185 muoetra
579 3151 649 3187 asses
661 3139 722 3188 arai
730 3151 793 3202 qoa-
864 3143 876 3170 '
893 3136 954 3193 Qsoe
962 3135 1077 3200 pressim]
1093 3133 1194 3184 Colorls
1216 3133 1295 3196 magia
1314 3134 1360 3182 ob·

265 3219 325 3262 tuor
336 3226 367 3261 ac
378 3211 472 3262 sireni.
832 3212 911 3266 seori,
927 3212 1059 3276 magisque
1076 3208 1151 3260 fusci.
1185 3209 1361 3259 Presaoaatu·

297 3295 308 3321 ¹
325 3289 412 3338 Oetosi
436 3289 511 3352 umes]
533 3289 714 3356 snblnrentge,
736 3305 793 3356 pru·
834 3301 890 3337 rum
901 3288 1050 3350 opponitur,
1063 3295 1091 3336 ut
1102 3285 1164 3335 alibi
1176 3285 1328 3335 monuimus.

265 3365 328 3415 tiam
341 3367 366 3414 in
378 3366 466 3416 libras.
866 3371 882 3396 '¹
898 3364 930 3413 Is
941 3363 1068 3425 matam]
1086 3362 1173 3411 niueo.
1183 3375 1211 3412 v.
1223 3365 1280 3411 111.

297 3450 307 3476 ¹
319 3443 465 3492 Cleerralms
475 3441 608 3507 appellunt]
619 3442 696 3493 Unde
705 3443 793 3494 Cicer·
866 3447 879 3473 ¹
895 3439 953 3490 Sios
962 3440 1036 3503 mesu]
1052 3439 1113 3488 Sira
1132 3437 1202 3488 airus
1220 3451 1253 3487 aa
1266 3451 1299 3488 aa
1309 3452 1362 3488 rur·

266 3517 339 3566 uulua
349 3519 479 3583 eolor‚qul
491 3519 567 3583 uulgo
577 3519 671 3581 griseam
679 3521 794 3584 appella·
835 3515 933 3579 plostra
945 3514 1018 3570 fiunt,
1030 3514 1084 3562 also
1096 3512 1220 3562 diluatur.
1252 3513 1288 3564 Et
1305 3528 1363 3578 pas·

266 3594 527 3655 scapranatae.
556 3595 796 3660 Joan.llapt.Con·
835 3589 1364 3654 tilloarxaieoautraastrictorioaqrracoru·

265 3668 360 3719 factius
384 3671 409 3719 iu
432 3671 543 3721 collect.
565 3672 657 3722 Prirll.
680 3672 795 3722 Maudio.
837 3667 897 3733 pooi
912 3683 946 3718 arr
964 3683 1006 3732 ea,
1024 3677 1118 3719 auctor
1136 3677 1177 3719 eat
1199 3670 1289 3719 Dioac.
1312 3669 1363 3722 loc·

267 3743 311 3794 olri
321 3744 354 3792 de
367 3744 482 3794 Honorio
492 3760 533 3797 rr.
542 3747 630 3810 Papa:
643 3747 795 3799 ‘Fratribus
838 3745 885 3796 uit.

268 3819 567 3884 carmeltranir.nlrptdu
579 3831 606 3870 et
617 3822 716 3873 inculta
727 3824 796 3887 palla
867 3828 879 3864 1
904 3819 994 3869 Μυκη
1013 3819 1080 3869 sistit
1107 3817 1198 3882 illm]
1235 3820 1365 3884 civim·

267 3899 377 3962 indutis,
394 3914 504 3963 cappam
523 3901 607 3951 albam
620 3917 697 3966 anper
709 3903 796 3953 tunica
829 3893 926 3954 ‘lm‘
936 3893 962 3944 δῖ
973 3894 1012 3946 ⁸⁰²
1024 3891 1116 3945 miv
1127 3897 1153 3945 ἓν
1162 3895 1202 3959 &ri
1213 3898 1364 3958 λψβνῠμί·

268 3981 296 4027 at
316 3977 442 4038 scapulari
465 3977 587 4027 cloarcnli
614 3979 707 4029 colorls
733 3993 795 4029 aon·
835 3971 920 4032 ”affl
929 3967 1098 4032 &wiltuim
1115 3971 1320 4023 Dim-lemn·

270 4053 370 4104 ecastr:
868 4045 1021 4110 *Md
1049 4045 1122 4096 Terre
1149 4061 1244 4109 roaga.-
1267 4062 1318 4113 quo
1337 4047 1365 4098 iu

302 4132 310 4164 ι
329 4129 420 4179 Urium·
435 4129 526 4193 am]
543 4130 627 4182 ΑΜ
637 4132 687 4182 1100
698 4131 756 4181 1000
767 4129 797 4180 fl.
837 4137 932 4189 genere
953 4121 1056 4187 quidam
1080 4121 1208 4185 Sinopicaa
1226 4123 1365 4174 secuudum

271 4215 341 4265 gurra
361 4204 494 4269 quadrata
506 4215 641 4264 rorantur.
660 4206 693 4255 ad
713 4207 798 4269 pario·
838 4203 922 4250 locum
935 4198 1111 4263 assignabant,
1129 4199 1245 4250 Lemnia·
1257 4200 1365 4266 primam

272 4285 327 4330 tum
338 4286 498 4337 ornamenta.
515 4282 590 4332 variis
605 4282 737 4333 distincte
756 4290 798 4334 eo·
839 4277 1034 4328 custoditum·
