3106 4892
477 424 566 476 uar.
589 423 687 475 orsu.
712 423 783 474 nra.
808 423 951 474 xxxvi.
974 410 1030 475 88.
1214 411 1302 479 4755

205 565 337 644 similis,
351 567 550 650 peculiarius
565 566 732 652 splendet.
776 568 937 634 Proilcitt
956 569 1130 634 oculorum
1145 570 1301 654 lacrymis

205 668 240 732 in
255 669 344 733 lacte
359 671 532 735 muliebri:
555 671 833 755 procidentesque
847 673 964 737 oculos
979 673 1136 754 praeclare
1153 673 1301 739 cohibet.

206 768 296 835 Hoec
310 777 361 835 est
376 774 543 837 sententia
559 791 684 848 eorum,
696 773 754 856 qni
770 775 957 858 nuperrime
972 775 1147 857 scripsere.

250 885 426 936 xxxvrrr.
452 874 618 938 Sotacus¹
641 893 659 936 e
680 875 918 939 vetustissimis
940 877 1132 940 auctoribus
1155 877 1302 962 quinque

206 991 325 1056 genera
346 973 586 1040 haematitarum
609 973 719 1051 tradit,
735 981 854 1058 praeter
874 981 1085 1058 magnatem.⁸
1128 977 1303 1061 Principa-

206 1081 297 1140 tum²
319 1075 378 1140 dat
396 1095 438 1140 ex
455 1077 498 1140 iis
513 1076 717 1160 AEthiopico,
733 1077 905 1142 oculorum
921 1078 1173 1143 medicamentis
1195 1079 1304 1144 utilis·
1358 1067 1364 1075 ’

206 1173 306 1254 simo,
328 1184 362 1242 et
384 1179 427 1242 iis
451 1199 528 1262 queo
550 1178 771 1262 panchrestab
792 1179 999 1264 appellantt³
1026 1181 1106 1245 item
1129 1182 1302 1245 ambustis.

206 1279 361 1344 Alterum
378 1280 658 1345 arndrodamautae
674 1281 755 1346 dicit
768 1283 892 1359 vocari,
908 1282 1021 1346 colore
1039 1283 1141 1364 nigro,
1158 1283 1303 1365 pondere

207 1399 247 1445 ac
269 1380 391 1445 duritia
406 1383 579 1465 insignem,
594 1388 627 1446 et
643 1381 718 1446 inde
732 1381 876 1446 nomend
896 1383 1052 1461 traxisse,
1068 1387 1303 1468 praecipueque

206 1481 241 1546 in
263 1481 382 1548 Africa
404 1489 578 1568 repertum.
622 1481 766 1548 Trahere
786 1485 945 1550 antemio
963 1491 1020 1548 se‘
1042 1494 1227 1567 argentum,
1244 1505 1304 1562 aas,

206 1585 339 1650 serrum.
385 1585 659 1670 Experimentunr
682 1587 756 1671 ejus
778 1606 853 1651 esse
878 1586 912 1650 in
934 1594 1009 1651 eote
1022 1605 1066 1651 ex
1080 1587 1191 1670 lapide
1207 1589 1304 1653 basa·

206 1684 298 1751 otte!
339 1687 492 1753 Reddere
507 1689 595 1752 enirn
610 1694 772 1753 succum⁴
794 1687 1026 1770 sanguineum,
1042 1693 1075 1752 ct
1088 1708 1164 1754 esse
1188 1690 1231 1756 ad
1249 1689 1304 1774 jo·

208 1791 327 1856 cineris
355 1792 436 1854 vitia
465 1791 627 1877 praecipui
657 1789 805 1855 remedii.
861 1788 1011 1854 Tertium
1037 1809 1138 1872 genus
1167 1789 1304 1858 Arabici

207 1891 301 1966 lacit,
315 1892 418 1956 simili
440 1893 574 1972 duritie,
590 1895 649 1957 vix
671 1891 842 1957 reddentis
864 1911 999 1957 succum
1017 1892 1060 1958 ad
1075 1901 1185 1958 cotem
1201 1911 1303 1978 aqua-

208 1993 319 2072 riam,⁵
328 2000 341 2039 ⁸
356 1994 536 2078 aliquando
552 2015 649 2060 croco
665 1994 817 2060 similem.
862 1992 984 2073 Quarti
999 1994 1129 2076 generis
1147 1991 1305 2060 elatitenh

209 2095 337 2173 vocari,
353 2097 514 2180 quamdin
536 2096 658 2162 crudus
680 2097 741 2161 sit:
765 2101 897 2160 coetum
917 2113 997 2159 vero
1020 2094 1170 2172 miltiten,
1191 2095 1305 2159 utilem

210 2196 388 2274 ambustis,
415 2197 458 2262 ad
485 2199 596 2264 omnia
624 2197 790 2262 utiliorem
818 2192 971 2261 rubrica.¹
1024 2194 1145 2275 Quinti
1173 2196 1305 2279 generis

244 2526 445 2577 Cararxvru.
479 2527 597 2577 tltrex
615 2526 855 2576 coddllardulnus
873 2532 901 2575 et
919 2531 1030 2574 rereott.
1065 2524 1225 2574 SedSotnrar
1240 2525 1307 2575 Gro-

212 2606 270 2641 nor.
281 2601 308 2640 et
322 2595 458 2654 rrrlgq.-2
476 2592 685 2654 Principotamqor
702 2591 762 2640 Vct.
781 2591 922 2640 Deice-8
940 2589 1091 2638 ldem'Vet.
1109 2589 1255 2652 polychron
1265 2605 1306 2652 np-

210 2657 357 2720 palleat-⁴
375 2655 441 2707 cod.
456 2657 548 2706 Dulce.
566 2655 722 2706 colorem-b
747 2656 810 2704 Voc.
827 2654 950 2716 aquarium
967 2651 1040 2702 deest
1060 2655 1085 2703 io
1104 2655 1162 2704 cod.
1183 2653 1308 2704 Doleo.-

705 2813 816 2865 NOTAE

213 2928 340 2995 Idemque
351 2929 519 2987 commodior,
534 2931 632 2992 mltlor,
649 2929 674 2979 in
693 2943 739 2980 nso
780 2930 831 2979 lum
843 2943 876 2978 ex
888 2943 914 2978 re
926 2941 1030 2977 encauto
1044 2934 1089 2976 aut
1100 2927 1211 2975 colorem
1223 2927 1309 2978 remit·

210 3005 506 3072 jucundinmpatupo,
524 3007 607 3074 inquit
624 3005 739 3057 Galenus
782 3005 823 3055 tit.
858 3005 911 3053 Pro
922 3011 980 3053 cote
997 3004 1145 3052 mortarium
1157 3003 1243 3051 dicere
1256 3003 1308 3052 Pli-

215 3082 264 3132 loc.
277 3082 322 3131 cit.
334 3097 359 3146 p.
371 3087 429 3131 25³.
780 3081 849 3130 nium
858 3079 987 3140 debuisse,
995 3079 1128 3129 contendit
1136 3079 1275 3128 Salarasior
1284 3079 1310 3128 iu

246 3156 388 3224 {Proicit}
406 3158 611 3209 illocales-cit.
780 3156 861 3208 torto.
880 3172 905 3220 p.
923 3159 993 3206 1888.
1027 3155 1149 3204 Frustra:
1168 3161 1221 3204 trun
1238 3155 1308 3219 quod

246 3233 362 3284 *Preter
371 3234 514 3298 mm]
524 3232 661 3283 Preterid
673 3247 742 3298 mag·
781 3249 815 3284 ex
826 3235 916 3284 attrito
928 3234 961 3283 ad
974 3240 1059 3284 cotem
1076 3230 1164 3296 lapide
1181 3231 1251 3280 haud
1272 3244 1311 3278 re-

216 3311 284 3360 neti·
303 3325 394 3374 genna,
416 3310 485 3375 qnod
504 3310 654 3361 haematiten
673 3311 741 3373 pari·
782 3324 827 3361 cus
847 3310 921 3360 reddi
937 3323 1030 3359 succus
1048 3308 1219 3371 intelligatur,
1233 3321 1310 3371 quam

218 3397 259 3437 ter
281 3388 408 3451 appellari
436 3387 555 3452 nuperius
584 3387 681 3436 dictum
703 3392 744 3436 ert
782 3399 815 3438 ex
838 3387 939 3447 eodeni,
962 3387 983 3434 ri
1006 3392 1106 3436 teratur
1125 3385 1151 3433 iu
1168 3381 1310 3434 mortariis:

218 3465 329 3525 etp-2⁵.
783 3469 838 3512 tum
858 3461 928 3526 qnod
947 3461 1004 3524 ipra
1027 3459 1151 3510 mortaria
1169 3465 1242 3507 cotes
1266 3470 1312 3518 ap·

249 3533 501 3600 thoeponchrerto]
513 3533 673 3601 adamare,
685 3549 743 3600 per·
783 3537 874 3598 pellari
894 3543 966 3585 recte
986 3535 1094 3599 possint,
1113 3533 1181 3597 quod
1201 3545 1233 3582 ex
1253 3538 1312 3580 cote

217 3609 340 3676 benigna,
352 3628 454 3676 prorsus
468 3613 550 3663 utilia.
782 3613 857 3663 liunt.
891 3612 967 3663 Unde
983 3623 1093 3661 xxxvrr.
1105 3615 1146 3660 ht.
1158 3609 1192 3660 de
1204 3609 1310 3659 achate:

249 3696 260 3722 ⁸
287 3687 397 3738 Alterum
422 3687 619 3750 oadrodnmnatn]
648 3687 744 3738 Locum
782 3687 902 3738 ‘Medici
913 3687 1039 3737 coticulas
1052 3685 1110 3735 iude
1122 3683 1239 3734 tantona·

217 3764 285 3814 hunc
298 3766 373 3828 plane
385 3765 417 3814 ad
430 3763 537 3816 rethom
549 3763 686 3828 exscripsit
697 3762 746 3813 Iti·
816 3769 830 3806 ⁸
845 3763 886 3812 Ad
906 3767 981 3812 coterr
1001 3760 1137 3826 nqmrinor]
1160 3761 1227 3810 Quas
1246 3773 1312 3826 aqua

218 3840 488 3904 dorurOrig.xvr.l.
785 3841 942 3902 stpergitor.

249 3917 262 3952 ⁴
279 3917 312 3968 m
331 3920 386 3970 inde
407 3917 501 3982 metr]
518 3917 595 3970 Quod
615 3916 745 3967 homloom
818 3914 831 3950 Ι·
848 3913 1027 3978 Elatitea10ui
1039 3915 1151 3964 colorem
1164 3911 1242 3962 hahet
1255 3908 1311 3961 lad·

219 3999 329 4044 conatus
340 3995 365 4044 ln
377 3993 520 4059 frangendo
531 3993 628 4056 domet,
637 3991 747 4056 bemu-
784 4010 838 4056 της,
849 3993 896 4041 hoc
908 4001 956 4049 ert,
967 3989 1067 4039 abietis:
1084 3997 1113 4039 ot
1130 3989 1247 4052 miltites,
1256 3985 1312 4048 μίλ-

218 4087 271 4131 tter·
784 4090 837 4130 roo,
848 4070 896 4119 boc
908 4075 958 4130 est,
969 4065 1075 4116 rubrica.

251 4155 262 4181 ²
280 4146 383 4196 Trahere
393 4150 471 4196 amor
481 4147 506 4196 bt
516 4145 553 4210 te]
570 4145 607 4197 Ut
624 4143 746 4196 lerruma
821 4147 827 4180 ¹
845 4145 969 4196 Utiliorem
985 4142 1093 4207 rubrica]
1110 4139 1191 4205 anm
1208 4141 1313 4192 tiresia

219 4231 337 4286 magnete
349 4223 467 4273 trahitur.
499 4223 615 4273 isidoro·
627 4223 676 4272 loc.
686 4222 731 4272 cit.
786 4223 916 4274 medicina
925 4219 1042 4284 superins
1053 4218 1162 4283 prodire
1175 4231 1263 4270 xxxv.
1275 4221 1315 4267 ld.

256 4295 266 4329 ¹
277 4297 308 4348 la
318 4303 368 4348 ote
377 4313 407 4350 erc
418 4297 535 4364 mite]
552 4299 602 4351 Qui
614 4299 679 4363 lapis
692 4295 747 4347 nol-
