<?xml version="1.0" encoding="UTF-8"?>
<!DOCTYPE html PUBLIC "-//W3C//DTD XHTML 1.0 Transitional//EN"
    "http://www.w3.org/TR/xhtml1/DTD/xhtml1-transitional.dtd">
<html xmlns="http://www.w3.org/1999/xhtml" xml:lang="en" lang="en">
 <head>
  <title>
</title>
<meta http-equiv="Content-Type" content="text/html;charset=utf-8" />
  <meta name='ocr-system' content='tesseract 3.04.00' />
  <meta name='ocr-capabilities' content='ocr_page ocr_carea ocr_par ocr_line ocrx_word'/>
</head>
<body>
  <div class='ocr_page' id='page_1' title='image "./cpliniisecundin08brotgoog_0138.png"; bbox 0 0 3128 4892; ppageno 0'>
   <div class='ocr_carea' id='block_1_1' title="bbox 500 382 1302 448">
    <p class='ocr_par' dir='ltr' id='par_1_1' title="bbox 500 382 1302 448">
     <span class='ocr_line' id='line_1_1' title="bbox 500 382 1302 448; baseline 0.006 -5"><span class='ocrx_word' id='word_1_1' title='bbox 500 394 588 443; x_wconf 76' lang='lat' dir='ltr'><strong>uer.</strong></span> <span class='ocrx_word' id='word_1_2' title='bbox 612 391 710 444; x_wconf 80' lang='lat' dir='ltr'><strong>utar.</strong></span> <span class='ocrx_word' id='word_1_3' title='bbox 733 395 807 444; x_wconf 84' lang='lat' dir='ltr'><strong>nra.</strong></span> <span class='ocrx_word' id='word_1_4' title='bbox 830 395 958 446; x_wconf 84' lang='lat' dir='ltr'>xxxv.</span> <span class='ocrx_word' id='word_1_5' title='bbox 979 382 1013 446; x_wconf 89' lang='lat'><strong>6.</strong></span> <span class='ocrx_word' id='word_1_6' title='bbox 1216 383 1302 448; x_wconf 76' lang='lat' dir='ltr'><strong>retr</strong></span> 
     </span>
    </p>
   </div>
   <div class='ocr_carea' id='block_1_2' title="bbox 202 537 1303 1945">
    <p class='ocr_par' dir='ltr' id='par_1_2' title="bbox 202 537 1303 1632">
     <span class='ocr_line' id='line_1_2' title="bbox 206 537 1303 621; baseline 0.005 -19"><span class='ocrx_word' id='word_1_7' title='bbox 206 539 379 621; x_wconf 81' lang='lat' dir='ltr'>operosior</span> <span class='ocrx_word' id='word_1_8' title='bbox 393 538 528 602; x_wconf 84' lang='lat' dir='ltr'><strong>inventa</strong></span> <span class='ocrx_word' id='word_1_9' title='bbox 542 545 632 602; x_wconf 72' lang='lat' dir='ltr'><strong>erata</strong></span> <span class='ocrx_word' id='word_1_10' title='bbox 655 537 817 621; x_wconf 88' lang='lat' dir='ltr'><strong>duratque</strong></span> <span class='ocrx_word' id='word_1_11' title='bbox 833 539 910 604; x_wconf 89' lang='lat' dir='ltr'><strong>talis</strong></span> <span class='ocrx_word' id='word_1_12' title='bbox 926 540 1028 606; x_wconf 88' lang='lat' dir='ltr'><strong>otiam</strong></span> <span class='ocrx_word' id='word_1_13' title='bbox 1046 559 1147 606; x_wconf 87' lang='lat' dir='ltr'><strong>nuuc.</strong></span> <span class='ocrx_word' id='word_1_14' title='bbox 1180 541 1303 608; x_wconf 70' lang='lat' dir='ltr'><strong>Inren‘·</strong></span> 
     </span>
     <span class='ocr_line' id='line_1_3' title="bbox 207 638 1302 726; baseline 0.005 -24"><span class='ocrx_word' id='word_1_15' title='bbox 207 649 275 704; x_wconf 88' lang='lat' dir='ltr'><strong>tam</strong></span> <span class='ocrx_word' id='word_1_16' title='bbox 300 640 458 704; x_wconf 75' lang='lat' dir='ltr'><strong>linearem</strong></span> <span class='ocrx_word' id='word_1_17' title='bbox 480 640 595 703; x_wconf 90' lang='lat' dir='ltr'><strong>dicunt</strong></span> <span class='ocrx_word' id='word_1_18' title='bbox 617 658 639 703; x_wconf 92' lang='lat' dir='ltr'><strong>a</strong></span> <span class='ocrx_word' id='word_1_19' title='bbox 664 638 817 703; x_wconf 89' lang='lat' dir='ltr'><strong>Philocle</strong></span> <span class='ocrx_word' id='word_1_20' title='bbox 840 639 1016 726; x_wconf 82' lang='lat' dir='ltr'><strong>AEgyptio,</strong></span> <span class='ocrx_word' id='word_1_21' title='bbox 1043 643 1097 708; x_wconf 84' lang='lat' dir='ltr'><strong>vel</strong></span> <span class='ocrx_word' id='word_1_22' title='bbox 1121 641 1302 708; x_wconf 72' lang='lat' dir='ltr'><strong>Cleantheq</strong></span> 
     </span>
     <span class='ocr_line' id='line_1_4' title="bbox 207 739 1301 821; baseline 0.004 -16"><span class='ocrx_word' id='word_1_23' title='bbox 207 739 390 807; x_wconf 87' lang='lat' dir='ltr'><strong>Corinthio.</strong></span> <span class='ocrx_word' id='word_1_24' title='bbox 436 741 542 805; x_wconf 83' lang='lat' dir='ltr'><strong>Primi</strong></span> <span class='ocrx_word' id='word_1_25' title='bbox 563 759 742 806; x_wconf 83' lang='lat' dir='ltr'><strong>exercuere</strong></span> <span class='ocrx_word' id='word_1_26' title='bbox 759 740 900 806; x_wconf 82' lang='lat' dir='ltr'><strong>Ardicee</strong></span> <span class='ocrx_word' id='word_1_27' title='bbox 922 743 1129 821; x_wconf 85' lang='lat' dir='ltr'><strong>Corinthius,</strong></span> <span class='ocrx_word' id='word_1_28' title='bbox 1149 751 1183 807; x_wconf 89' lang='lat' dir='ltr'><strong>et</strong></span> <span class='ocrx_word' id='word_1_29' title='bbox 1201 744 1301 810; x_wconf 90' lang='lat' dir='ltr'><strong>Tele-</strong></span> 
     </span>
     <span class='ocr_line' id='line_1_5' title="bbox 205 841 1301 928; baseline 0.003 -22"><span class='ocrx_word' id='word_1_30' title='bbox 205 841 329 925; x_wconf 88' lang='lat' dir='ltr'><strong>phanes</strong></span> <span class='ocrx_word' id='word_1_31' title='bbox 349 843 540 927; x_wconf 86' lang='lat' dir='ltr'><strong>Sicyonius,</strong></span> <span class='ocrx_word' id='word_1_32' title='bbox 555 843 628 906; x_wconf 89' lang='lat' dir='ltr'><strong>eine</strong></span> <span class='ocrx_word' id='word_1_33' title='bbox 652 841 720 906; x_wconf 91' lang='lat' dir='ltr'><strong>ullo</strong></span> <span class='ocrx_word' id='word_1_34' title='bbox 742 843 923 906; x_wconf 78' lang='lat' dir='ltr'><strong>etiamnum</strong></span> <span class='ocrx_word' id='word_1_35' title='bbox 944 844 978 907; x_wconf 91' lang='lat' dir='ltr'><strong>hi</strong></span> <span class='ocrx_word' id='word_1_36' title='bbox 999 845 1136 921; x_wconf 89' lang='lat' dir='ltr'><strong>colore,¹</strong></span> <span class='ocrx_word' id='word_1_37' title='bbox 1155 845 1226 928; x_wconf 87' lang='lat' dir='ltr'><strong>jam</strong></span> <span class='ocrx_word' id='word_1_38' title='bbox 1250 854 1301 910; x_wconf 87' lang='lat' dir='ltr'><strong>ta·</strong></span> 
     </span>
     <span class='ocr_line' id='line_1_6' title="bbox 206 943 1301 1029; baseline 0.003 -21"><span class='ocrx_word' id='word_1_39' title='bbox 206 964 279 1008; x_wconf 88' lang='lat' dir='ltr'><strong>meu</strong></span> <span class='ocrx_word' id='word_1_40' title='bbox 304 951 497 1027; x_wconf 77' lang='lat' dir='ltr'><strong>spargentes</strong></span> <span class='ocrx_word' id='word_1_41' title='bbox 521 945 650 1008; x_wconf 82' lang='lat' dir='ltr'><strong>linensr</strong></span> <span class='ocrx_word' id='word_1_42' title='bbox 678 943 778 1008; x_wconf 88' lang='lat' dir='ltr'><strong>intus.</strong></span> <span class='ocrx_word' id='word_1_43' title='bbox 834 943 918 1008; x_wconf 89' lang='lat' dir='ltr'><strong>Ideo</strong></span> <span class='ocrx_word' id='word_1_44' title='bbox 944 950 979 1008; x_wconf 89' lang='lat' dir='ltr'><strong>et</strong></span> <span class='ocrx_word' id='word_1_45' title='bbox 1000 953 1106 1029; x_wconf 84' lang='lat' dir='ltr'><strong>quos·</strong></span> <span class='ocrx_word' id='word_1_46' title='bbox 1126 946 1301 1028; x_wconf 81' lang='lat' dir='ltr'><strong>pingerent</strong></span> 
     </span>
     <span class='ocr_line' id='line_1_7' title="bbox 205 1045 1302 1124; baseline 0.003 -14"><span class='ocrx_word' id='word_1_47' title='bbox 205 1048 370 1110; x_wconf 88' lang='lat' dir='ltr'><strong>ascribere</strong></span> <span class='ocrx_word' id='word_1_48' title='bbox 396 1046 593 1110; x_wconf 88' lang='lat' dir='ltr'><strong>institutum.</strong></span> <span class='ocrx_word' id='word_1_49' title='bbox 638 1045 773 1110; x_wconf 89' lang='lat' dir='ltr'><strong>Primus</strong></span> <span class='ocrx_word' id='word_1_50' title='bbox 799 1046 926 1110; x_wconf 84' lang='lat' dir='ltr'><strong>invenit</strong></span> <span class='ocrx_word' id='word_1_51' title='bbox 948 1065 1006 1109; x_wconf 87' lang='lat' dir='ltr'><strong>eae</strong></span> <span class='ocrx_word' id='word_1_52' title='bbox 1029 1046 1193 1124; x_wconf 87' lang='lat' dir='ltr'><strong>colorare,</strong></span> <span class='ocrx_word' id='word_1_53' title='bbox 1218 1054 1302 1114; x_wconf 86' lang='lat' dir='ltr'><strong>testa</strong></span> 
     </span>
     <span class='ocr_line' id='line_1_8' title="bbox 204 1145 1300 1230; baseline 0.002 -20"><span class='ocrx_word' id='word_1_54' title='bbox 204 1147 389 1230; x_wconf 78' lang='lat' dir='ltr'><strong>(atterunt)</strong></span> <span class='ocrx_word' id='word_1_55' title='bbox 411 1148 510 1224; x_wconf 67' lang='lat' dir='ltr'><strong>trita:</strong></span> <span class='ocrx_word' id='word_1_56' title='bbox 531 1146 756 1230; x_wconf 81' lang='lat' dir='ltr'><strong>Cleophantus</strong></span> <span class='ocrx_word' id='word_1_57' title='bbox 777 1145 978 1210; x_wconf 85' lang='lat' dir='ltr'><strong>Corinthius.</strong></span> <span class='ocrx_word' id='word_1_58' title='bbox 1023 1147 1136 1223; x_wconf 85' lang='lat' dir='ltr'><strong>Hunc,</strong></span> <span class='ocrx_word' id='word_1_59' title='bbox 1160 1153 1219 1212; x_wconf 89' lang='lat' dir='ltr'><strong>aut</strong></span> <span class='ocrx_word' id='word_1_60' title='bbox 1242 1167 1300 1212; x_wconf 84' lang='lat' dir='ltr'><strong>eo·-</strong></span> 
     </span>
     <span class='ocr_line' id='line_1_9' title="bbox 205 1246 1300 1333; baseline 0.002 -21"><span class='ocrx_word' id='word_1_61' title='bbox 205 1249 280 1312; x_wconf 93' lang='lat' dir='ltr'><strong>dem</strong></span> <span class='ocrx_word' id='word_1_62' title='bbox 305 1250 437 1313; x_wconf 89' lang='lat' dir='ltr'><strong>nomine</strong></span> <span class='ocrx_word' id='word_1_63' title='bbox 463 1249 564 1314; x_wconf 86' lang='lat' dir='ltr'><strong>ulium</strong></span> <span class='ocrx_word' id='word_1_64' title='bbox 585 1247 701 1323; x_wconf 85' lang='lat' dir='ltr'><strong>luisse,</strong></span> <span class='ocrx_word' id='word_1_65' title='bbox 727 1265 827 1329; x_wconf 89' lang='lat' dir='ltr'><strong>quem</strong></span> <span class='ocrx_word' id='word_1_66' title='bbox 853 1246 955 1312; x_wconf 87' lang='lat' dir='ltr'><strong>tradit</strong></span> <span class='ocrx_word' id='word_1_67' title='bbox 984 1246 1155 1312; x_wconf 87' lang='lat' dir='ltr'><strong>Cornelius</strong></span> <span class='ocrx_word' id='word_1_68' title='bbox 1180 1247 1300 1333; x_wconf 87' lang='lat' dir='ltr'><strong>Nepos</strong></span> 
     </span>
     <span class='ocr_line' id='line_1_10' title="bbox 203 1348 1300 1431; baseline 0.001 -17"><span class='ocrx_word' id='word_1_69' title='bbox 203 1359 355 1414; x_wconf 87' lang='lat' dir='ltr'><strong>secutum</strong></span> <span class='ocrx_word' id='word_1_70' title='bbox 369 1349 405 1414; x_wconf 92' lang='lat' dir='ltr'><strong>iu</strong></span> <span class='ocrx_word' id='word_1_71' title='bbox 421 1350 556 1415; x_wconf 89' lang='lat' dir='ltr'><strong>Italiam</strong></span> <span class='ocrx_word' id='word_1_72' title='bbox 574 1350 805 1427; x_wconf 84' lang='lat' dir='ltr'><strong>Demaratum,</strong></span> <span class='ocrx_word' id='word_1_73' title='bbox 827 1348 999 1431; x_wconf 90' lang='lat' dir='ltr'><strong>Tarquinii</strong></span> <span class='ocrx_word' id='word_1_74' title='bbox 1022 1349 1131 1414; x_wconf 88' lang='lat' dir='ltr'><strong>Prisci</strong></span> <span class='ocrx_word' id='word_1_75' title='bbox 1156 1349 1300 1416; x_wconf 86' lang='lat' dir='ltr'><strong>Romani</strong></span> 
     </span>
     <span class='ocr_line' id='line_1_11' title="bbox 204 1449 1300 1536; baseline 0.001 -21"><span class='ocrx_word' id='word_1_76' title='bbox 204 1453 290 1535; x_wconf 82' lang='lat' dir='ltr'><strong>regis</strong></span> <span class='ocrx_word' id='word_1_77' title='bbox 315 1459 454 1534; x_wconf 89' lang='lat' dir='ltr'><strong>patrem,</strong></span> <span class='ocrx_word' id='word_1_78' title='bbox 469 1451 649 1534; x_wconf 81' lang='lat' dir='ltr'><strong>fugientem</strong></span> <span class='ocrx_word' id='word_1_79' title='bbox 673 1470 693 1515; x_wconf 98' lang='lat' dir='ltr'><strong>a</strong></span> <span class='ocrx_word' id='word_1_80' title='bbox 719 1449 881 1516; x_wconf 87' lang='lat' dir='ltr'><strong>Corintho</strong></span> <span class='ocrx_word' id='word_1_81' title='bbox 905 1449 1044 1534; x_wconf 85' lang='lat' dir='ltr'><strong>injurius</strong></span> <span class='ocrx_word' id='word_1_82' title='bbox 1067 1449 1228 1535; x_wconf 81' lang='lat' dir='ltr'><strong>Cypseli¹¹</strong></span> <span class='ocrx_word' id='word_1_83' title='bbox 1251 1460 1300 1536; x_wconf 83' lang='lat' dir='ltr'><strong>ty·</strong></span> 
     </span>
     <span class='ocr_line' id='line_1_12' title="bbox 202 1554 663 1632; baseline -0.004 -14"><span class='ocrx_word' id='word_1_84' title='bbox 202 1555 307 1632; x_wconf 80' lang='lat' dir='ltr'><strong>renni,</strong></span> <span class='ocrx_word' id='word_1_85' title='bbox 322 1573 403 1618; x_wconf 85' lang='lat' dir='ltr'><strong>mox</strong></span> <span class='ocrx_word' id='word_1_86' title='bbox 417 1554 663 1618; x_wconf 82' lang='lat' dir='ltr'><strong>docebimus.²&#39;</strong></span> 
     </span>
    </p>

    <p class='ocr_par' dir='ltr' id='par_1_3' title="bbox 202 1653 1300 1945">
     <span class='ocr_line' id='line_1_13' title="bbox 248 1653 1299 1738; baseline 0.001 -21"><span class='ocrx_word' id='word_1_87' title='bbox 248 1672 297 1720; x_wconf 88' lang='lat' dir='ltr'><strong>vt.</strong></span> <span class='ocrx_word' id='word_1_88' title='bbox 320 1656 342 1720; x_wconf 86' lang='lat' dir='ltr'>J</span> <span class='ocrx_word' id='word_1_89' title='bbox 345 1676 398 1720; x_wconf 89' lang='lat' dir='ltr'><strong>am</strong></span> <span class='ocrx_word' id='word_1_90' title='bbox 410 1657 496 1720; x_wconf 88' lang='lat' dir='ltr'><strong>enirn</strong></span> <span class='ocrx_word' id='word_1_91' title='bbox 509 1656 667 1720; x_wconf 84' lang='lat' dir='ltr'><strong>absoluta</strong></span> <span class='ocrx_word' id='word_1_92' title='bbox 682 1659 752 1718; x_wconf 85' lang='lat' dir='ltr'><strong>erut</strong></span> <span class='ocrx_word' id='word_1_93' title='bbox 766 1655 896 1738; x_wconf 85' lang='lat' dir='ltr'><strong>pictura</strong></span> <span class='ocrx_word' id='word_1_94' title='bbox 907 1653 1006 1718; x_wconf 84' lang='lat' dir='ltr'><strong>etium</strong></span> <span class='ocrx_word' id='word_1_95' title='bbox 1022 1655 1055 1718; x_wconf 90' lang='lat' dir='ltr'><strong>in</strong></span> <span class='ocrx_word' id='word_1_96' title='bbox 1072 1654 1185 1720; x_wconf 84' lang='lat' dir='ltr'><strong>Italia.</strong></span> <span class='ocrx_word' id='word_1_97' title='bbox 1230 1654 1299 1718; x_wconf 85' lang='lat' dir='ltr'><strong>Ex·</strong></span> 
     </span>
     <span class='ocr_line' id='line_1_14' title="bbox 202 1754 1300 1841; baseline -0.002 -21"><span class='ocrx_word' id='word_1_98' title='bbox 202 1763 274 1820; x_wconf 88' lang='lat' dir='ltr'><strong>tant</strong></span> <span class='ocrx_word' id='word_1_99' title='bbox 298 1765 382 1823; x_wconf 87' lang='lat' dir='ltr'><strong>certe</strong></span> <span class='ocrx_word' id='word_1_100' title='bbox 407 1758 572 1841; x_wconf 84' lang='lat' dir='ltr'><strong>hodieque</strong></span> <span class='ocrx_word' id='word_1_101' title='bbox 599 1757 803 1840; x_wconf 88' lang='lat' dir='ltr'><strong>antiquiores</strong></span> <span class='ocrx_word' id='word_1_102' title='bbox 828 1754 920 1820; x_wconf 87' lang='lat' dir='ltr'><strong>Urbe</strong></span> <span class='ocrx_word' id='word_1_103' title='bbox 944 1757 1086 1838; x_wconf 85' lang='lat' dir='ltr'><strong>picturae</strong></span> <span class='ocrx_word' id='word_1_104' title='bbox 1115 1756 1237 1822; x_wconf 78' lang='lat' dir='ltr'><strong>Ardeae</strong></span> <span class='ocrx_word' id='word_1_105' title='bbox 1265 1756 1300 1818; x_wconf 91' lang='lat' dir='ltr'><strong>in</strong></span> 
     </span>
     <span class='ocr_line' id='line_1_15' title="bbox 203 1857 1295 1945; baseline -0.001 -22"><span class='ocrx_word' id='word_1_106' title='bbox 203 1858 334 1923; x_wconf 87' lang='lat' dir='ltr'><strong>oedibus</strong></span> <span class='ocrx_word' id='word_1_107' title='bbox 356 1862 473 1937; x_wconf 89' lang='lat' dir='ltr'><strong>sacris,</strong></span> <span class='ocrx_word' id='word_1_108' title='bbox 487 1861 610 1945; x_wconf 87' lang='lat' dir='ltr'><strong>quibus</strong></span> <span class='ocrx_word' id='word_1_109' title='bbox 634 1857 809 1940; x_wconf 84' lang='lat' dir='ltr'><strong>equidem·</strong></span> <span class='ocrx_word' id='word_1_110' title='bbox 830 1858 940 1922; x_wconf 86' lang='lat' dir='ltr'><strong>nullas</strong></span> <span class='ocrx_word' id='word_1_111' title='bbox 962 1878 1060 1943; x_wconf 74' lang='lat' dir='ltr'><strong>aeque</strong></span> <span class='ocrx_word' id='word_1_112' title='bbox 1073 1857 1213 1922; x_wconf 90' lang='lat' dir='ltr'><strong>demiror</strong></span> <span class='ocrx_word' id='word_1_113' title='bbox 1228 1865 1295 1922; x_wconf 85' lang='lat' dir='ltr'><strong>tatu</strong></span> 
     </span>
    </p>
   </div>
   <div class='ocr_carea' id='block_1_3' title="bbox 202 2149 1299 2335">
    <p class='ocr_par' dir='ltr' id='par_1_4' title="bbox 202 2149 1299 2335">
     <span class='ocr_line' id='line_1_16' title="bbox 235 2149 1295 2218; baseline -0.004 -14"><span class='ocrx_word' id='word_1_114' title='bbox 235 2155 303 2204; x_wconf 74' lang='lat' dir='ltr'><strong>Car·</strong></span> <span class='ocrx_word' id='word_1_115' title='bbox 315 2167 340 2203; x_wconf 83' lang='lat' dir='ltr'><strong>r.</strong></span> <span class='ocrx_word' id='word_1_116' title='bbox 373 2159 385 2203; x_wconf 93' lang='lat' dir='ltr'><strong>l</strong></span> <span class='ocrx_word' id='word_1_117' title='bbox 404 2156 413 2183; x_wconf 90' lang='lat'>‘</span> <span class='ocrx_word' id='word_1_118' title='bbox 423 2153 465 2204; x_wconf 89' lang='lat' dir='ltr'><strong>lta</strong></span> <span class='ocrx_word' id='word_1_119' title='bbox 485 2153 561 2205; x_wconf 83' lang='lat' dir='ltr'><strong>codd.</strong></span> <span class='ocrx_word' id='word_1_120' title='bbox 580 2153 663 2218; x_wconf 74' lang='lat' dir='ltr'><strong>Regg.</strong></span> <span class='ocrx_word' id='word_1_121' title='bbox 690 2152 778 2202; x_wconf 79' lang='lat' dir='ltr'><strong>Editio</strong></span> <span class='ocrx_word' id='word_1_122' title='bbox 800 2151 930 2215; x_wconf 89' lang='lat' dir='ltr'><strong>princeps,</strong></span> <span class='ocrx_word' id='word_1_123' title='bbox 942 2159 970 2201; x_wconf 89' lang='lat' dir='ltr'><strong>et</strong></span> <span class='ocrx_word' id='word_1_124' title='bbox 982 2152 1024 2203; x_wconf 88' lang='lat' dir='ltr'><strong>Cl.</strong></span> <span class='ocrx_word' id='word_1_125' title='bbox 1039 2149 1169 2202; x_wconf 68' lang='lat' dir='ltr'><strong>Dursod!</strong></span> <span class='ocrx_word' id='word_1_126' title='bbox 1185 2149 1295 2200; x_wconf 86' lang='lat' dir='ltr'><strong>Brotisr.</strong></span> 
     </span>
     <span class='ocr_line' id='line_1_17' title="bbox 202 2216 1299 2335; baseline -0.005 -64"><span class='ocrx_word' id='word_1_127' title='bbox 202 2219 336 2334; x_wconf 44' lang='lat' dir='ltr'><strong>fiam.</strong></span> <span class='ocrx_word' id='word_1_128' title='bbox 346 2219 591 2335; x_wconf 44' lang='lat' dir='ltr'><strong>woelfflan.</strong></span> <span class='ocrx_word' id='word_1_129' title='bbox 605 2225 670 2268; x_wconf 78' lang='lat' dir='ltr'><strong>vett.</strong></span> <span class='ocrx_word' id='word_1_130' title='bbox 684 2217 812 2266; x_wconf 87' lang='lat' dir='ltr'><strong>llarduin.</strong></span> <span class='ocrx_word' id='word_1_131' title='bbox 826 2220 849 2265; x_wconf 99' lang='grc'><strong>1.</strong></span> <span class='ocrx_word' id='word_1_132' title='bbox 860 2219 885 2266; x_wconf 78' lang='lat'><strong>2.</strong></span> <span class='ocrx_word' id='word_1_133' title='bbox 897 2219 921 2266; x_wconf 77' lang='grc'><strong>1.</strong></span> <span class='ocrx_word' id='word_1_134' title='bbox 935 2217 1033 2268; x_wconf 82' lang='lat' dir='ltr'><strong>Miller.</strong></span> <span class='ocrx_word' id='word_1_135' title='bbox 1049 2217 1197 2280; x_wconf 67' lang='lat' dir='ltr'><strong>bipennes</strong></span> <span class='ocrx_word' id='word_1_136' title='bbox 1210 2216 1299 2266; x_wconf 81' lang='lat' dir='ltr'><strong>l&#39;rsns.</strong></span> 
     </span>
    </p>
   </div>
   <div class='ocr_carea' id='block_1_4' title="bbox 696 2345 804 2444">
    <p class='ocr_par' dir='ltr' id='par_1_5' title="bbox 696 2345 804 2444">
     <span class='ocr_line' id='line_1_18' title="bbox 696 2345 804 2444; baseline -0.009 0"><span class='ocrx_word' id='word_1_137' title='bbox 696 2345 804 2444; x_wconf 73' lang='grc' dir='ltr'><strong>ΝΟἸἙΙ</strong></span> 
     </span>
    </p>
   </div>
   <div class='ocr_carea' id='block_1_5' title="bbox 198 2505 1299 4316">
    <p class='ocr_par' dir='ltr' id='par_1_6' title="bbox 199 2505 1299 3329">
     <span class='ocr_line' id='line_1_19' title="bbox 234 2505 1298 2574; baseline -0.005 -14"><span class='ocrx_word' id='word_1_138' title='bbox 234 2519 246 2552; x_wconf 71' lang='grc'><strong>1</strong></span> <span class='ocrx_word' id='word_1_139' title='bbox 263 2510 297 2560; x_wconf 76' lang='lat' dir='ltr'><strong>lit</strong></span> <span class='ocrx_word' id='word_1_140' title='bbox 305 2509 519 2573; x_wconf 68' lang='lat' dir='ltr'><strong>mmmmm]</strong></span> <span class='ocrx_word' id='word_1_141' title='bbox 529 2508 729 2574; x_wconf 69' lang='grc' dir='ltr'><strong>Μονοχρόμπον,</strong></span> <span class='ocrx_word' id='word_1_142' title='bbox 768 2513 856 2557; x_wconf 87' lang='lat' dir='ltr'><strong>teoto:</strong></span> <span class='ocrx_word' id='word_1_143' title='bbox 875 2506 1016 2564; x_wconf 61' lang='lat' dir='ltr'><strong>‘Debere&#39;</strong></span> <span class='ocrx_word' id='word_1_144' title='bbox 1026 2507 1073 2570; x_wconf 86' lang='lat' dir='ltr'><strong>ait,</strong></span> <span class='ocrx_word' id='word_1_145' title='bbox 1084 2507 1092 2536; x_wconf 83' lang='lat'><strong>⁴</strong></span> <span class='ocrx_word' id='word_1_146' title='bbox 1103 2505 1241 2570; x_wconf 72' lang='lat' dir='ltr'><strong>graphidos</strong></span> <span class='ocrx_word' id='word_1_147' title='bbox 1248 2505 1298 2556; x_wconf 90' lang='lat' dir='ltr'><strong>soi·</strong></span> 
     </span>
     <span class='ocr_line' id='line_1_20' title="bbox 202 2581 1299 2647; baseline -0.004 -13"><span class='ocrx_word' id='word_1_148' title='bbox 202 2584 243 2634; x_wconf 82' lang='lat' dir='ltr'><strong>sel</strong></span> <span class='ocrx_word' id='word_1_149' title='bbox 251 2583 392 2647; x_wconf 65' lang='lat' dir='ltr'><strong>paslmus,</strong></span> <span class='ocrx_word' id='word_1_150' title='bbox 402 2585 433 2633; x_wconf 91' lang='lat' dir='ltr'><strong>ab</strong></span> <span class='ocrx_word' id='word_1_151' title='bbox 441 2585 577 2634; x_wconf 73' lang='lat' dir='ltr'><strong>mestus.</strong></span> <span class='ocrx_word' id='word_1_152' title='bbox 592 2585 728 2634; x_wconf 88' lang='lat' dir='ltr'><strong>Pictnrsm</strong></span> <span class='ocrx_word' id='word_1_153' title='bbox 768 2583 863 2632; x_wconf 89' lang='lat' dir='ltr'><strong>entiam</strong></span> <span class='ocrx_word' id='word_1_154' title='bbox 874 2582 984 2643; x_wconf 85' lang='lat' dir='ltr'><strong>habere,</strong></span> <span class='ocrx_word' id='word_1_155' title='bbox 992 2597 1043 2647; x_wconf 87' lang='lat' dir='ltr'><strong>quo</strong></span> <span class='ocrx_word' id='word_1_156' title='bbox 1054 2581 1157 2631; x_wconf 81' lang='lat' dir='ltr'><strong>facilins</strong></span> <span class='ocrx_word' id='word_1_157' title='bbox 1167 2583 1299 2644; x_wconf 82' lang='lat' dir='ltr'><strong>exempla·</strong></span> 
     </span>
     <span class='ocr_line' id='line_1_21' title="bbox 201 2657 1298 2722; baseline -0.004 -12"><span class='ocrx_word' id='word_1_158' title='bbox 201 2661 266 2711; x_wconf 86' lang='lat' dir='ltr'><strong>bene</strong></span> <span class='ocrx_word' id='word_1_159' title='bbox 293 2661 521 2711; x_wconf 80' lang='lat' dir='ltr'><strong>monochromaton</strong></span> <span class='ocrx_word' id='word_1_160' title='bbox 553 2660 728 2713; x_wconf 79' lang='lat' dir='ltr'><strong>Quintilianus</strong></span> <span class='ocrx_word' id='word_1_161' title='bbox 768 2657 1027 2722; x_wconf 85' lang='lat' dir='ltr'><strong>riboapictis,qnam</strong></span> <span class='ocrx_word' id='word_1_162' title='bbox 1043 2657 1298 2720; x_wconf 82' lang='lat' dir='ltr'><strong>ralitoparisspeei·</strong></span> 
     </span>
     <span class='ocr_line' id='line_1_22' title="bbox 199 2732 1298 2800; baseline -0.004 -14"><span class='ocrx_word' id='word_1_163' title='bbox 199 2736 317 2800; x_wconf 90' lang='lat' dir='ltr'><strong>appellat</strong></span> <span class='ocrx_word' id='word_1_164' title='bbox 349 2736 494 2799; x_wconf 78' lang='lat' dir='ltr'><strong>simplicem</strong></span> <span class='ocrx_word' id='word_1_165' title='bbox 521 2737 644 2798; x_wconf 85' lang='lat' dir='ltr'><strong>colorem,</strong></span> <span class='ocrx_word' id='word_1_166' title='bbox 676 2748 728 2786; x_wconf 73' lang='grc' dir='ltr'><strong>ιιι.</strong></span> <span class='ocrx_word' id='word_1_167' title='bbox 768 2732 1090 2790; x_wconf 82' lang='lat' dir='ltr'><strong>em,delosmarersleat.’</strong></span> <span class='ocrx_word' id='word_1_168' title='bbox 1123 2733 1216 2797; x_wconf 82' lang='lat' dir='ltr'><strong>Neque</strong></span> <span class='ocrx_word' id='word_1_169' title='bbox 1228 2733 1298 2782; x_wconf 87' lang='lat' dir='ltr'><strong>enim</strong></span> 
     </span>
     <span class='ocr_line' id='line_1_23' title="bbox 201 2807 1298 2876; baseline -0.006 -15"><span class='ocrx_word' id='word_1_170' title='bbox 201 2817 242 2861; x_wconf 82' lang='lat' dir='ltr'><strong>lo.</strong></span> <span class='ocrx_word' id='word_1_171' title='bbox 259 2827 319 2874; x_wconf 70' lang='lat' dir='ltr'><strong>pap.</strong></span> <span class='ocrx_word' id='word_1_172' title='bbox 335 2815 393 2861; x_wconf 73' lang='lat'><strong>8⁹8·</strong></span> <span class='ocrx_word' id='word_1_173' title='bbox 408 2819 415 2842; x_wconf 81' lang='grc'><em>·</em></span> <span class='ocrx_word' id='word_1_174' title='bbox 428 2811 499 2861; x_wconf 88' lang='lat' dir='ltr'><strong>Clari</strong></span> <span class='ocrx_word' id='word_1_175' title='bbox 517 2813 629 2876; x_wconf 88' lang='lat' dir='ltr'><strong>pictores</strong></span> <span class='ocrx_word' id='word_1_176' title='bbox 647 2810 728 2861; x_wconf 76' lang='lat' dir='ltr'><strong>fnisse</strong></span> <span class='ocrx_word' id='word_1_177' title='bbox 767 2810 851 2859; x_wconf 88' lang='lat' dir='ltr'><strong>soleat</strong></span> <span class='ocrx_word' id='word_1_178' title='bbox 863 2809 1021 2871; x_wconf 86' lang='lat' dir='ltr'><strong>exemplaris</strong></span> <span class='ocrx_word' id='word_1_179' title='bbox 1033 2807 1199 2858; x_wconf 80' lang='lat' dir='ltr'><strong>aedificiorum</strong></span> <span class='ocrx_word' id='word_1_180' title='bbox 1212 2809 1298 2872; x_wconf 88' lang='lat' dir='ltr'><strong>aliter,</strong></span> 
     </span>
     <span class='ocr_line' id='line_1_24' title="bbox 201 2881 1297 2951; baseline -0.005 -15"><span class='ocrx_word' id='word_1_181' title='bbox 201 2887 323 2936; x_wconf 86' lang='lat' dir='ltr'><strong>dieantur</strong></span> <span class='ocrx_word' id='word_1_182' title='bbox 344 2887 506 2951; x_wconf 71' lang='lat' dir='ltr'><strong>Polygnotos</strong></span> <span class='ocrx_word' id='word_1_183' title='bbox 531 2895 608 2950; x_wconf 86' lang='lat' dir='ltr'><strong>atque</strong></span> <span class='ocrx_word' id='word_1_184' title='bbox 634 2885 728 2948; x_wconf 70' lang='lat' dir='ltr'><strong>Aglao-</strong></span> <span class='ocrx_word' id='word_1_185' title='bbox 768 2897 843 2947; x_wconf 88' lang='lat' dir='ltr'><strong>quam</strong></span> <span class='ocrx_word' id='word_1_186' title='bbox 862 2883 965 2946; x_wconf 84' lang='lat' dir='ltr'><strong>pictura</strong></span> <span class='ocrx_word' id='word_1_187' title='bbox 983 2883 1084 2936; x_wconf 77' lang='lat' dir='ltr'><strong>lineari.</strong></span> <span class='ocrx_word' id='word_1_188' title='bbox 1103 2881 1204 2932; x_wconf 79' lang='lat' dir='ltr'><strong>contet.</strong></span> <span class='ocrx_word' id='word_1_189' title='bbox 1238 2883 1297 2932; x_wconf 85' lang='lat' dir='ltr'><strong>lloc</strong></span> 
     </span>
     <span class='ocr_line' id='line_1_25' title="bbox 200 2957 1296 3028; baseline -0.006 -16"><span class='ocrx_word' id='word_1_190' title='bbox 200 2963 278 3026; x_wconf 85' lang='lat' dir='ltr'><strong>phou,</strong></span> <span class='ocrx_word' id='word_1_191' title='bbox 288 2977 395 3028; x_wconf 85' lang='lat' dir='ltr'><strong>quorum</strong></span> <span class='ocrx_word' id='word_1_192' title='bbox 413 2964 523 3026; x_wconf 80' lang='lat' dir='ltr'><strong>simplex</strong></span> <span class='ocrx_word' id='word_1_193' title='bbox 541 2964 611 3014; x_wconf 88' lang='lat' dir='ltr'><strong>color</strong></span> <span class='ocrx_word' id='word_1_194' title='bbox 625 2971 677 3013; x_wconf 88' lang='lat' dir='ltr'><strong>tarn</strong></span> <span class='ocrx_word' id='word_1_195' title='bbox 690 2963 727 3014; x_wconf 90' lang='lat' dir='ltr'><strong>sui</strong></span> <span class='ocrx_word' id='word_1_196' title='bbox 769 2973 830 3008; x_wconf 87' lang='lat' dir='ltr'><strong>sero</strong></span> <span class='ocrx_word' id='word_1_197' title='bbox 841 2959 976 3007; x_wconf 80' lang='lat' dir='ltr'><strong>intentum</strong></span> <span class='ocrx_word' id='word_1_198' title='bbox 993 2959 1103 3021; x_wconf 81' lang='lat' dir='ltr'><strong>picturae</strong></span> <span class='ocrx_word' id='word_1_199' title='bbox 1117 2957 1221 3007; x_wconf 86' lang='lat' dir='ltr'><strong>linearis</strong></span> <span class='ocrx_word' id='word_1_200' title='bbox 1233 2957 1296 3007; x_wconf 86' lang='lat' dir='ltr'><strong>Cra·</strong></span> 
     </span>
     <span class='ocr_line' id='line_1_26' title="bbox 200 3033 1296 3099; baseline -0.003 -12"><span class='ocrx_word' id='word_1_201' title='bbox 200 3037 329 3088; x_wconf 87' lang='lat' dir='ltr'><strong>studiosos</strong></span> <span class='ocrx_word' id='word_1_202' title='bbox 341 3039 424 3088; x_wconf 87' lang='lat' dir='ltr'><strong>adhuc</strong></span> <span class='ocrx_word' id='word_1_203' title='bbox 438 3037 537 3099; x_wconf 84' lang='lat' dir='ltr'><strong>hahet,&#39;</strong></span> <span class='ocrx_word' id='word_1_204' title='bbox 554 3041 604 3088; x_wconf 74' lang='lat' dir='ltr'><strong>erc.</strong></span> <span class='ocrx_word' id='word_1_205' title='bbox 638 3037 728 3088; x_wconf 86' lang='lat' dir='ltr'><strong>blono·</strong></span> <span class='ocrx_word' id='word_1_206' title='bbox 769 3033 824 3084; x_wconf 91' lang='lat' dir='ltr'><strong>toni</strong></span> <span class='ocrx_word' id='word_1_207' title='bbox 835 3033 1016 3097; x_wconf 73' lang='lat' dir='ltr'><strong>Athenagoras</strong></span> <span class='ocrx_word' id='word_1_208' title='bbox 1028 3034 1157 3098; x_wconf 87' lang='lat' dir='ltr'><strong>attribuit,</strong></span> <span class='ocrx_word' id='word_1_209' title='bbox 1164 3034 1222 3085; x_wconf 89' lang='lat' dir='ltr'><strong>loco</strong></span> <span class='ocrx_word' id='word_1_210' title='bbox 1234 3043 1296 3084; x_wconf 90' lang='lat' dir='ltr'><strong>ante</strong></span> 
     </span>
     <span class='ocr_line' id='line_1_27' title="bbox 200 3111 813 3178; baseline -0.005 -14"><span class='ocrx_word' id='word_1_211' title='bbox 200 3115 332 3165; x_wconf 85' lang='lat' dir='ltr'><strong>eirmmats</strong></span> <span class='ocrx_word' id='word_1_212' title='bbox 353 3113 538 3178; x_wconf 84' lang='lat' dir='ltr'><strong>Delecsmpiae</strong></span> <span class='ocrx_word' id='word_1_213' title='bbox 560 3129 617 3164; x_wconf 85' lang='lat' dir='ltr'><strong>eum</strong></span> <span class='ocrx_word' id='word_1_214' title='bbox 642 3129 727 3164; x_wconf 90' lang='lat' dir='ltr'><strong>mono·</strong></span> <span class='ocrx_word' id='word_1_215' title='bbox 768 3111 813 3161; x_wconf 85' lang='lat' dir='ltr'><strong>cit.</strong></span> 
     </span>
     <span class='ocr_line' id='line_1_28' title="bbox 199 3187 1296 3254; baseline -0.001 -16"><span class='ocrx_word' id='word_1_216' title='bbox 199 3187 727 3254; x_wconf 70' lang='lat' dir='ltr'><strong>grammis‚qurefuereeolorisaspertla,</strong></span> <span class='ocrx_word' id='word_1_217' title='bbox 799 3190 996 3254; x_wconf 73' lang='lat' dir='ltr'><strong>&#39;ldesetquoeJ</strong></span> <span class='ocrx_word' id='word_1_218' title='bbox 1026 3191 1079 3240; x_wconf 89' lang='lat' dir='ltr'><strong>Per</strong></span> <span class='ocrx_word' id='word_1_219' title='bbox 1095 3188 1296 3240; x_wconf 89' lang='lat' dir='ltr'><strong>initiasdeorn·</strong></span> 
     </span>
     <span class='ocr_line' id='line_1_29' title="bbox 200 3264 1295 3329; baseline 0 -15"><span class='ocrx_word' id='word_1_220' title='bbox 200 3265 268 3314; x_wconf 89' lang='lat' dir='ltr'><strong>snaie</strong></span> <span class='ocrx_word' id='word_1_221' title='bbox 280 3265 423 3316; x_wconf 78' lang='lat' dir='ltr'><strong>confundit.</strong></span> <span class='ocrx_word' id='word_1_222' title='bbox 768 3264 807 3314; x_wconf 89' lang='lat' dir='ltr'><strong>dia</strong></span> <span class='ocrx_word' id='word_1_223' title='bbox 826 3264 1002 3329; x_wconf 64' lang='lat' dir='ltr'><strong>picturatus,</strong></span> <span class='ocrx_word' id='word_1_224' title='bbox 1021 3272 1051 3314; x_wconf 89' lang='lat' dir='ltr'><strong>ut</strong></span> <span class='ocrx_word' id='word_1_225' title='bbox 1067 3278 1099 3312; x_wconf 85' lang='lat' dir='ltr'><strong>ea</strong></span> <span class='ocrx_word' id='word_1_226' title='bbox 1117 3264 1191 3314; x_wconf 88' lang='lat' dir='ltr'><strong>lineis</strong></span> <span class='ocrx_word' id='word_1_227' title='bbox 1210 3265 1295 3314; x_wconf 86' lang='lat' dir='ltr'><strong>soltus</strong></span> 
     </span>
    </p>

    <p class='ocr_par' dir='ltr' id='par_1_7' title="bbox 200 3340 1296 3557">
     <span class='ocr_line' id='line_1_30' title="bbox 232 3340 1295 3406; baseline 0.001 -15"><span class='ocrx_word' id='word_1_228' title='bbox 232 3341 307 3392; x_wconf 61' lang='lat' dir='ltr'><strong>*Vel</strong></span> <span class='ocrx_word' id='word_1_229' title='bbox 319 3342 444 3406; x_wconf 73' lang='lat' dir='ltr'><strong>Cleanthe]</strong></span> <span class='ocrx_word' id='word_1_230' title='bbox 473 3340 727 3392; x_wconf 78' lang='lat' dir='ltr'><strong>Altarhicsclean·</strong></span> <span class='ocrx_word' id='word_1_231' title='bbox 768 3344 878 3396; x_wconf 89' lang='lat' dir='ltr'><strong>hominis</strong></span> <span class='ocrx_word' id='word_1_232' title='bbox 898 3351 942 3394; x_wconf 91' lang='lat' dir='ltr'><strong>aut</strong></span> <span class='ocrx_word' id='word_1_233' title='bbox 971 3343 1086 3392; x_wconf 84' lang='lat' dir='ltr'><strong>animalis</strong></span> <span class='ocrx_word' id='word_1_234' title='bbox 1112 3341 1217 3405; x_wconf 73' lang='lat' dir='ltr'><strong>agnosci</strong></span> <span class='ocrx_word' id='word_1_235' title='bbox 1244 3357 1295 3392; x_wconf 85' lang='lat' dir='ltr'><strong>noa</strong></span> 
     </span>
     <span class='ocr_line' id='line_1_31' title="bbox 201 3417 1296 3485; baseline 0.002 -19"><span class='ocrx_word' id='word_1_236' title='bbox 201 3418 246 3468; x_wconf 87' lang='lat' dir='ltr'><strong>the</strong></span> <span class='ocrx_word' id='word_1_237' title='bbox 257 3417 401 3482; x_wconf 84' lang='lat' dir='ltr'><strong>Corinthio,</strong></span> <span class='ocrx_word' id='word_1_238' title='bbox 416 3419 490 3482; x_wconf 85' lang='lat' dir='ltr'><strong>cujas</strong></span> <span class='ocrx_word' id='word_1_239' title='bbox 507 3421 621 3482; x_wconf 88' lang='lat' dir='ltr'><strong>picturas</strong></span> <span class='ocrx_word' id='word_1_240' title='bbox 638 3419 727 3470; x_wconf 87' lang='lat' dir='ltr'><strong>iaudat</strong></span> <span class='ocrx_word' id='word_1_241' title='bbox 767 3428 865 3485; x_wconf 81' lang='lat' dir='ltr'><strong>posset,</strong></span> <span class='ocrx_word' id='word_1_242' title='bbox 877 3421 925 3470; x_wconf 88' lang='lat' dir='ltr'><strong>nisi</strong></span> <span class='ocrx_word' id='word_1_243' title='bbox 938 3433 1030 3469; x_wconf 81' lang='lat' dir='ltr'><strong>nomen</strong></span> <span class='ocrx_word' id='word_1_244' title='bbox 1042 3417 1226 3467; x_wconf 86' lang='lat' dir='ltr'><strong>ascriberetur.</strong></span> <span class='ocrx_word' id='word_1_245' title='bbox 1254 3417 1296 3468; x_wconf 69' lang='grc' dir='ltr'><strong>Ε-</strong></span> 
     </span>
     <span class='ocr_line' id='line_1_32' title="bbox 200 3491 1296 3557; baseline -0.002 -13"><span class='ocrx_word' id='word_1_246' title='bbox 200 3495 296 3544; x_wconf 82' lang='lat' dir='ltr'><strong>Strabo</strong></span> <span class='ocrx_word' id='word_1_247' title='bbox 304 3495 349 3544; x_wconf 91' lang='lat' dir='ltr'><strong>lib.</strong></span> <span class='ocrx_word' id='word_1_248' title='bbox 361 3507 424 3544; x_wconf 86' lang='lat' dir='ltr'><strong>vrrs.</strong></span> <span class='ocrx_word' id='word_1_249' title='bbox 437 3508 497 3557; x_wconf 66' lang='lat' dir='ltr'><strong>pag.</strong></span> <span class='ocrx_word' id='word_1_250' title='bbox 507 3498 564 3545; x_wconf 74' lang='grc'><strong>111.</strong></span> <span class='ocrx_word' id='word_1_251' title='bbox 767 3497 849 3546; x_wconf 85' lang='lat' dir='ltr'><strong>lienus</strong></span> <span class='ocrx_word' id='word_1_252' title='bbox 868 3497 929 3544; x_wconf 88' lang='lat' dir='ltr'><strong>Ver.</strong></span> <span class='ocrx_word' id='word_1_253' title='bbox 947 3495 1018 3544; x_wconf 87' lang='lat' dir='ltr'><strong>llist.</strong></span> <span class='ocrx_word' id='word_1_254' title='bbox 1039 3507 1067 3544; x_wconf 85' lang='lat' dir='ltr'><strong>x.</strong></span> <span class='ocrx_word' id='word_1_255' title='bbox 1087 3497 1129 3542; x_wconf 80' lang='grc'><strong>10.</strong></span> <span class='ocrx_word' id='word_1_256' title='bbox 1153 3491 1235 3542; x_wconf 73' lang='lat' dir='ltr'><strong>odrae</strong></span> <span class='ocrx_word' id='word_1_257' title='bbox 1251 3491 1296 3555; x_wconf 67' lang='lat' dir='ltr'><strong>ips</strong></span> 
     </span>
    </p>

    <p class='ocr_par' dir='ltr' id='par_1_8' title="bbox 198 3567 1294 4240">
     <span class='ocr_line' id='line_1_33' title="bbox 232 3567 1294 3636; baseline -0.003 -15"><span class='ocrx_word' id='word_1_258' title='bbox 232 3579 243 3606; x_wconf 80' lang='lat'>¹</span> <span class='ocrx_word' id='word_1_259' title='bbox 258 3570 401 3634; x_wconf 57' lang='lat' dir='ltr'><strong>Quies</strong></span> <span class='ocrx_word' id='word_1_260' title='bbox 411 3571 499 3636; x_wconf 70' lang='lat' dir='ltr'><strong>m]</strong></span> <span class='ocrx_word' id='word_1_261' title='bbox 525 3570 618 3622; x_wconf 77' lang='lat' dir='ltr'><strong>Altera</strong></span> <span class='ocrx_word' id='word_1_262' title='bbox 628 3570 684 3622; x_wconf 67' lang='lat' dir='ltr'><strong>hoc</strong></span> <span class='ocrx_word' id='word_1_263' title='bbox 695 3571 726 3621; x_wconf 92' lang='lat' dir='ltr'><strong>li·</strong></span> <span class='ocrx_word' id='word_1_264' title='bbox 766 3571 872 3634; x_wconf 68' lang='lat' dir='ltr'><strong>heims</strong></span> <span class='ocrx_word' id='word_1_265' title='bbox 887 3569 979 3632; x_wconf 63' lang='lat' dir='ltr'><strong>aienses</strong></span> <span class='ocrx_word' id='word_1_266' title='bbox 994 3569 1026 3620; x_wconf 70' lang='lat' dir='ltr'><strong>rh</strong></span> <span class='ocrx_word' id='word_1_267' title='bbox 1039 3567 1097 3631; x_wconf 62' lang='lat' dir='ltr'><strong>fris,</strong></span> <span class='ocrx_word' id='word_1_268' title='bbox 1114 3569 1177 3619; x_wconf 67' lang='lat' dir='ltr'><strong>dors</strong></span> <span class='ocrx_word' id='word_1_269' title='bbox 1198 3569 1294 3633; x_wconf 56' lang='lat' dir='ltr'><strong>trappe-</strong></span> 
     </span>
     <span class='ocr_line' id='line_1_34' title="bbox 199 3643 1294 3713; baseline 0 -17"><span class='ocrx_word' id='word_1_270' title='bbox 199 3646 285 3696; x_wconf 81' lang='lat' dir='ltr'><strong>nessia</strong></span> <span class='ocrx_word' id='word_1_271' title='bbox 297 3646 400 3710; x_wconf 87' lang='lat' dir='ltr'><strong>pieturs</strong></span> <span class='ocrx_word' id='word_1_272' title='bbox 416 3653 467 3705; x_wconf 86' lang='lat' dir='ltr'><strong>eat,</strong></span> <span class='ocrx_word' id='word_1_273' title='bbox 485 3645 587 3695; x_wconf 77' lang='lat' dir='ltr'><strong>mediore</strong></span> <span class='ocrx_word' id='word_1_274' title='bbox 604 3647 649 3696; x_wconf 88' lang='lat' dir='ltr'><strong>ills</strong></span> <span class='ocrx_word' id='word_1_275' title='bbox 666 3661 725 3710; x_wconf 90' lang='lat' dir='ltr'><strong>per·</strong></span> <span class='ocrx_word' id='word_1_276' title='bbox 766 3658 818 3713; x_wconf 76' lang='lat' dir='ltr'><strong>pao</strong></span> <span class='ocrx_word' id='word_1_277' title='bbox 839 3648 919 3698; x_wconf 77' lang='lat' dir='ltr'><strong>abacis</strong></span> <span class='ocrx_word' id='word_1_278' title='bbox 934 3645 991 3697; x_wconf 76' lang='lat' dir='ltr'><strong>rods</strong></span> <span class='ocrx_word' id='word_1_279' title='bbox 1006 3643 1122 3710; x_wconf 63' lang='grc' dir='ltr'><strong>γραφέα,</strong></span> <span class='ocrx_word' id='word_1_280' title='bbox 1139 3645 1211 3696; x_wconf 74' lang='lat' dir='ltr'><strong>mon</strong></span> <span class='ocrx_word' id='word_1_281' title='bbox 1228 3646 1294 3709; x_wconf 67' lang='grc' dir='ltr'><strong>βοῦς,</strong></span> 
     </span>
     <span class='ocr_line' id='line_1_35' title="bbox 200 3720 930 3785; baseline 0.005 -15"><span class='ocrx_word' id='word_1_282' title='bbox 200 3721 305 3783; x_wconf 78' lang='lat' dir='ltr'><strong>lectior,</strong></span> <span class='ocrx_word' id='word_1_283' title='bbox 325 3735 382 3785; x_wconf 78' lang='lat' dir='ltr'><strong>qna</strong></span> <span class='ocrx_word' id='word_1_284' title='bbox 411 3720 495 3783; x_wconf 88' lang='lat' dir='ltr'><strong>primo</strong></span> <span class='ocrx_word' id='word_1_285' title='bbox 516 3721 573 3770; x_wconf 88' lang='lat' dir='ltr'><strong>loco</strong></span> <span class='ocrx_word' id='word_1_286' title='bbox 594 3721 726 3784; x_wconf 82' lang='lat' dir='ltr'><strong>explicata</strong></span> <span class='ocrx_word' id='word_1_287' title='bbox 766 3723 841 3774; x_wconf 71' lang='lat' dir='ltr'><strong>saeuo</strong></span> <span class='ocrx_word' id='word_1_288' title='bbox 851 3723 930 3774; x_wconf 76' lang='lat' dir='ltr'><strong>isses.</strong></span> 
     </span>
     <span class='ocr_line' id='line_1_36' title="bbox 199 3794 1294 3862; baseline 0.005 -17"><span class='ocrx_word' id='word_1_289' title='bbox 199 3803 259 3846; x_wconf 79' lang='lat' dir='ltr'><strong>est:</strong></span> <span class='ocrx_word' id='word_1_290' title='bbox 278 3809 336 3844; x_wconf 88' lang='lat' dir='ltr'><strong>nam</strong></span> <span class='ocrx_word' id='word_1_291' title='bbox 359 3795 402 3845; x_wconf 89' lang='lat' dir='ltr'><strong>ills</strong></span> <span class='ocrx_word' id='word_1_292' title='bbox 427 3795 502 3846; x_wconf 90' lang='lat' dir='ltr'><strong>lineis</strong></span> <span class='ocrx_word' id='word_1_293' title='bbox 524 3803 624 3845; x_wconf 86' lang='lat' dir='ltr'><strong>tantum</strong></span> <span class='ocrx_word' id='word_1_294' title='bbox 646 3794 726 3847; x_wconf 84' lang='lat' dir='ltr'><strong>fiebat</strong></span> <span class='ocrx_word' id='word_1_295' title='bbox 797 3803 806 3834; x_wconf 74' lang='lat'><em>²</em></span> <span class='ocrx_word' id='word_1_296' title='bbox 830 3799 899 3849; x_wconf 77' lang='lat' dir='ltr'><strong>Testa</strong></span> <span class='ocrx_word' id='word_1_297' title='bbox 921 3797 960 3862; x_wconf 87' lang='lat' dir='ltr'><strong>(st</strong></span> <span class='ocrx_word' id='word_1_298' title='bbox 975 3795 1074 3861; x_wconf 69' lang='lat' dir='ltr'><strong>seruat)</strong></span> <span class='ocrx_word' id='word_1_299' title='bbox 1096 3796 1169 3861; x_wconf 85' lang='lat' dir='ltr'><strong>trita]</strong></span> <span class='ocrx_word' id='word_1_300' title='bbox 1204 3798 1294 3850; x_wconf 83' lang='lat' dir='ltr'><strong>Rubra</strong></span> 
     </span>
     <span class='ocr_line' id='line_1_37' title="bbox 199 3871 955 3936; baseline 0 -14"><span class='ocrx_word' id='word_1_301' title='bbox 199 3871 477 3934; x_wconf 83' lang='lat' dir='ltr'><strong>comprehendentibus</strong></span> <span class='ocrx_word' id='word_1_302' title='bbox 494 3871 649 3921; x_wconf 82' lang='lat' dir='ltr'><strong>exteriorem</strong></span> <span class='ocrx_word' id='word_1_303' title='bbox 669 3873 726 3936; x_wconf 84' lang='lat' dir='ltr'><strong>pin·</strong></span> <span class='ocrx_word' id='word_1_304' title='bbox 765 3875 846 3936; x_wconf 69' lang='lat' dir='ltr'><strong>igitur</strong></span> <span class='ocrx_word' id='word_1_305' title='bbox 858 3875 955 3924; x_wconf 87' lang='lat' dir='ltr'><strong>colore.</strong></span> 
     </span>
     <span class='ocr_line' id='line_1_38' title="bbox 198 3945 1293 4014; baseline 0.003 -20"><span class='ocrx_word' id='word_1_306' title='bbox 198 3945 292 4010; x_wconf 71' lang='lat' dir='ltr'><strong>gande</strong></span> <span class='ocrx_word' id='word_1_307' title='bbox 314 3945 350 3994; x_wconf 91' lang='lat' dir='ltr'><strong>rei</strong></span> <span class='ocrx_word' id='word_1_308' title='bbox 369 3945 508 3996; x_wconf 85' lang='lat' dir='ltr'><strong>ambitum:</strong></span> <span class='ocrx_word' id='word_1_309' title='bbox 530 3946 586 3996; x_wconf 75' lang='lat' dir='ltr'><strong>bec</strong></span> <span class='ocrx_word' id='word_1_310' title='bbox 603 3946 727 4010; x_wconf 89' lang='lat' dir='ltr'><strong>plurimas</strong></span> <span class='ocrx_word' id='word_1_311' title='bbox 799 3956 810 3982; x_wconf 70' lang='lat'>⁸</span> <span class='ocrx_word' id='word_1_312' title='bbox 828 3947 937 4014; x_wconf 74' lang='lat' dir='ltr'><strong>Cypseli]</strong></span> <span class='ocrx_word' id='word_1_313' title='bbox 966 3947 1018 4000; x_wconf 80' lang='lat' dir='ltr'><strong>Qut</strong></span> <span class='ocrx_word' id='word_1_314' title='bbox 1042 3947 1231 3998; x_wconf 83' lang='lat' dir='ltr'><strong>Corinthiorum</strong></span> <span class='ocrx_word' id='word_1_315' title='bbox 1254 3955 1293 4011; x_wconf 78' lang='lat' dir='ltr'><strong>ty·</strong></span> 
     </span>
     <span class='ocr_line' id='line_1_39' title="bbox 198 4021 1294 4088; baseline 0.004 -18"><span class='ocrx_word' id='word_1_316' title='bbox 198 4021 314 4074; x_wconf 84' lang='lat' dir='ltr'><strong>addebat</strong></span> <span class='ocrx_word' id='word_1_317' title='bbox 325 4021 387 4070; x_wconf 90' lang='lat' dir='ltr'><strong>alias</strong></span> <span class='ocrx_word' id='word_1_318' title='bbox 404 4023 473 4072; x_wconf 88' lang='lat' dir='ltr'><strong>intus</strong></span> <span class='ocrx_word' id='word_1_319' title='bbox 491 4037 538 4085; x_wconf 88' lang='lat' dir='ltr'><strong>pro</strong></span> <span class='ocrx_word' id='word_1_320' title='bbox 555 4022 653 4072; x_wconf 75' lang='lat' dir='ltr'><strong>ambre</strong></span> <span class='ocrx_word' id='word_1_321' title='bbox 665 4022 725 4072; x_wconf 91' lang='lat' dir='ltr'><strong>rati·</strong></span> <span class='ocrx_word' id='word_1_322' title='bbox 766 4023 932 4082; x_wconf 82' lang='lat' dir='ltr'><strong>rennusfuit,</strong></span> <span class='ocrx_word' id='word_1_323' title='bbox 951 4025 1066 4075; x_wconf 79' lang='lat' dir='ltr'><strong>Eetionis</strong></span> <span class='ocrx_word' id='word_1_324' title='bbox 1081 4025 1110 4074; x_wconf 69' lang='grc' dir='ltr'><strong>Ρ.</strong></span> <span class='ocrx_word' id='word_1_325' title='bbox 1130 4025 1162 4074; x_wconf 86' lang='lat' dir='ltr'><strong>de</strong></span> <span class='ocrx_word' id='word_1_326' title='bbox 1176 4023 1294 4088; x_wconf 83' lang='lat' dir='ltr'><strong>quelle·</strong></span> 
     </span>
     <span class='ocr_line' id='line_1_40' title="bbox 200 4095 1294 4163; baseline 0.003 -18"><span class='ocrx_word' id='word_1_327' title='bbox 200 4108 253 4145; x_wconf 88' lang='lat' dir='ltr'><strong>one</strong></span> <span class='ocrx_word' id='word_1_328' title='bbox 268 4109 377 4159; x_wconf 82' lang='lat' dir='ltr'><strong>sparsas.</strong></span> <span class='ocrx_word' id='word_1_329' title='bbox 410 4095 566 4146; x_wconf 87' lang='lat' dir='ltr'><strong>Nominatus</strong></span> <span class='ocrx_word' id='word_1_330' title='bbox 584 4097 640 4146; x_wconf 87' lang='lat' dir='ltr'><strong>haec</strong></span> <span class='ocrx_word' id='word_1_331' title='bbox 662 4097 726 4147; x_wconf 92' lang='lat' dir='ltr'><strong>sliss</strong></span> <span class='ocrx_word' id='word_1_332' title='bbox 767 4100 822 4150; x_wconf 90' lang='lat' dir='ltr'><strong>rod.</strong></span> <span class='ocrx_word' id='word_1_333' title='bbox 842 4114 862 4150; x_wconf 84' lang='lat' dir='ltr'><strong>r.</strong></span> <span class='ocrx_word' id='word_1_334' title='bbox 879 4102 919 4149; x_wconf 80' lang='lat' dir='ltr'><strong>ll.</strong></span> <span class='ocrx_word' id='word_1_335' title='bbox 937 4097 1294 4163; x_wconf 61' lang='grc' dir='ltr'><strong>ρ.6.11(νμλοεό’11ηίυνοε.</strong></span> 
     </span>
     <span class='ocr_line' id='line_1_41' title="bbox 199 4170 1176 4240; baseline 0.005 -21"><span class='ocrx_word' id='word_1_336' title='bbox 199 4170 283 4219; x_wconf 88' lang='lat' dir='ltr'><strong>etiam</strong></span> <span class='ocrx_word' id='word_1_337' title='bbox 302 4171 442 4234; x_wconf 59' lang='lat' dir='ltr'><strong>‘graphia&#39;</strong></span> <span class='ocrx_word' id='word_1_338' title='bbox 460 4171 554 4222; x_wconf 80' lang='lat' dir='ltr'><strong>Graeca</strong></span> <span class='ocrx_word' id='word_1_339' title='bbox 576 4172 727 4222; x_wconf 87' lang='lat' dir='ltr'><strong>imitatione.</strong></span> <span class='ocrx_word' id='word_1_340' title='bbox 798 4177 1041 4240; x_wconf 75' lang='lat' dir='ltr'><strong>vldesdossbs&#39;anu]</strong></span> <span class='ocrx_word' id='word_1_341' title='bbox 1060 4176 1124 4238; x_wconf 84' lang='lat' dir='ltr'><strong>Cap.</strong></span> <span class='ocrx_word' id='word_1_342' title='bbox 1135 4179 1176 4225; x_wconf 83' lang='lat' dir='ltr'><strong>ts.</strong></span> 
     </span>
    </p>

    <p class='ocr_par' dir='ltr' id='par_1_9' title="bbox 201 4245 1295 4316">
     <span class='ocr_line' id='line_1_42' title="bbox 201 4245 1295 4316; baseline 0.005 -20"><span class='ocrx_word' id='word_1_343' title='bbox 201 4245 338 4296; x_wconf 80' lang='lat' dir='ltr'><strong>vitrasius</strong></span> <span class='ocrx_word' id='word_1_344' title='bbox 348 4261 366 4297; x_wconf 92' lang='lat' dir='ltr'><strong>t.</strong></span> <span class='ocrx_word' id='word_1_345' title='bbox 384 4252 407 4297; x_wconf 90' lang='lat'><strong>1.</strong></span> <span class='ocrx_word' id='word_1_346' title='bbox 420 4246 463 4298; x_wconf 88' lang='lat' dir='ltr'><strong>nbi</strong></span> <span class='ocrx_word' id='word_1_347' title='bbox 476 4249 590 4313; x_wconf 87' lang='lat' dir='ltr'><strong>loquitur</strong></span> <span class='ocrx_word' id='word_1_348' title='bbox 601 4249 632 4300; x_wconf 92' lang='lat' dir='ltr'><strong>de</strong></span> <span class='ocrx_word' id='word_1_349' title='bbox 645 4249 727 4302; x_wconf 83' lang='lat' dir='ltr'><strong>arebl-</strong></span> <span class='ocrx_word' id='word_1_350' title='bbox 799 4260 811 4288; x_wconf 75' lang='grc'>·</span> <span class='ocrx_word' id='word_1_351' title='bbox 829 4250 1040 4316; x_wconf 66' lang='grc' dir='ltr'><strong>Ουίῠυιᾳκίᾰω]</strong></span> <span class='ocrx_word' id='word_1_352' title='bbox 1056 4251 1098 4302; x_wconf 89' lang='lat' dir='ltr'><strong>De</strong></span> <span class='ocrx_word' id='word_1_353' title='bbox 1107 4252 1154 4302; x_wconf 85' lang='lat' dir='ltr'><strong>hac</strong></span> <span class='ocrx_word' id='word_1_354' title='bbox 1164 4249 1246 4302; x_wconf 78' lang='lat' dir='ltr'><strong>forms</strong></span> <span class='ocrx_word' id='word_1_355' title='bbox 1257 4251 1295 4302; x_wconf 71' lang='lat' dir='ltr'><strong>ua</strong></span> 
     </span>
    </p>
   </div>
   <div class='ocr_carea' id='block_1_6' title="bbox 0 0 1568 4892">
    <p class='ocr_par' dir='ltr' id='par_1_10' title="bbox 0 0 1568 4892">
     <span class='ocr_line' id='line_1_43' title="bbox 0 0 1568 4892; baseline 0 2"><span class='ocrx_word' id='word_1_356' title='bbox 0 0 1568 4892; x_wconf 95' lang='lat' dir='ltr'><strong> </strong></span> 
     </span>
    </p>
   </div>
  </div>
 </body>
</html>
