3128 4892
440 407 528 458 usu.
550 401 649 458 trrsr·
673 405 747 456 mn.
770 407 898 456 xxxv.
925 392 979 458 86.
1177 389 1264 470 ,4577

174 546 270 612 Paua
294 547 492 613 Archelno'.m
539 549 634 615 Fecit
661 557 697 616 et
725 549 926 633 Penelopen,
954 551 988 613 in
1014 569 1081 634 qua
1111 551 1262 634 pinxisse

173 655 308 712 mores¹¹
329 648 475 714 videtur:
499 657 533 714 et
555 651 721 716 athletam.
765 649 928 734 Adeoque
954 651 1019 714 sihi
1044 650 1079 715 iu
1105 651 1166 715 illo
1190 653 1262 734 plu-

174 747 253 824 cuit,
267 753 304 812 nt
317 766 448 812 versum
473 751 708 829 subscriberet,
731 751 894 816 celebrem
917 769 961 816 ex
978 771 1031 829 eo,
1054 751 1264 818 ‘Invisnmm

175 847 342 930 uliquem⁰
375 848 519 925 lucilius,
555 870 656 934 quarn
692 852 918 918 imitaturum!
961 853 1184 934 Magnificus?
1213 859 1264 920 est

173 944 327 1029 Jupiter⁶
348 949 422 1032 ejus
438 949 471 1012 in
487 949 614 1026 throno,
630 953 815 1018 astantibus
835 952 934 1031 Diis;
956 960 990 1017 et
1006 953 1191 1018 Herculesq
1213 955 1263 1022 iu·

173 1045 249 1110 inus
264 1047 423 1111 dracones
447 1052 665 1130 strangulans,
681 1052 843 1117 Alcmena
865 1059 970 1117 matre
996 1071 1105 1117 coram
1120 1062 1263 1135 pavente

174 1153 209 1212 et
223 1145 476 1231 Amphitryone.
521 1149 802 1233 Deprehenditnr¹
818 1159 930 1216 minen
947 1152 1076 1217 Zeuxis
1089 1151 1262 1235 grundior⁷

629 1310 806 1332 ”vunnu

173 1416 217 1467 lib.
231 1422 313 1470 rr.-ti
329 1419 394 1471 cod.
407 1421 498 1472 Delec.
516 1426 552 1472 est
571 1426 594 1470 et
611 1421 762 1484 Jupiten-l
779 1421 991 1486 ‘Deprehenditsr
1001 1427 1080 1472 lunser
1098 1435 1140 1472 serr
1148 1420 1264 1483 grandim

667 1579 775 1630 Now

205 1679 224 1706 ¹
241 1669 368 1732 Archelao]
384 1672 546 1722 Macedouise
563 1673 639 1736 Regi,
656 1686 701 1722 sn·
738 1689 853 1738 gramme
873 1676 899 1724 lu
920 1687 976 1725 eam
996 1689 1066 1725 rem:
1083 1675 1264 1736 Θλῖβιῡρικιν·
1359 1719 1364 1728 ,

174 1753 202 1796 ts
214 1746 387 1796 Alesmdmm
404 1747 528 1811 hisguum
550 1749 625 1798 suuis
645 1746 702 1798 t'ers
737 1746 969 1815 rehosrrprpsieeur,
980 1749 1072 1814 tapsus,
1082 1751 1160 1812 θῆραι,
1175 1747 1264 1812 'lippe-

176 1834 241 1871 ιιι.
737 1823 1174 1888 λιι,δακίτυνᾶγχιβιτεῖιφάρηαι.
1190 1823 1265 1886 ’litha

206 1904 219 1930 ¹
235 1896 266 1946 Is
283 1912 329 1960 qun
342 1896 451 1960 pinxisse
468 1897 555 1960 mores]
581 1897 623 1947 Its
641 1897 702 1946 tthrt
737 1897 870 1962 νηπιόχοιο,
881 1899 958 1961 χόλον
973 1898 1192 1962 ζηλήιωνοιἯρηι
1204 1897 1264 1960 ’Δμ-

175 1984 272 2027 omues,
291 1985 342 2020 uon
357 1985 456 2026 umores.
473 1981 502 2020 ur
516 1971 701 2021 llemrotsori·
736 1989 835 2032 rrwuov,
843 1977 942 2035 μοχθεῖν
949 1972 1213 2036 „manummissor-
1229 1971 1265 2020 od

174 2061 239 2096 sum.
272 2047 362 2096 Mores
382 2046 528 2110 exprimere
550 2048 575 2096 iu
598 2048 702 2104 tubelle.
737 2045 927 2112 pipmreppnlp
943 2049 1107 2110 pensitamus,
1123 2044 1175 2096 edel
1190 2046 1265 2104 λίβη·

175 2122 238 2172 ιηίι
248 2129 289 2171 est
300 2121 404 2170 eximie
415 2121 461 2171 dos
473 2121 612 2184 praeclare:
625 2131 701 2185 atque
737 2138 787 2183 rer,
801 2122 869 2170 Ἀλλ’
880 2122 931 2173 tels
942 2121 975 2172 sir
982 2123 1059 2181 elale
1068 2120 1151 2183 zprls,
1162 2120 1265 2170 hedum

174 2195 201 2245 id
219 2195 329 2263 picturus
349 2209 429 2258 genus
447 2195 528 2254 ἠθικὸν
545 2205 701 2260 veteressp·
738 2195 791 2257 lov.
827 2197 886 2246 lice
910 2203 959 2258 est,
986 2197 1129 2261 interprete
1156 2196 1264 2246 Grotio:

174 2270 313 2334 pellshsut.
345 2271 390 2319 De
419 2283 450 2320 eo
476 2271 638 2322 maritans.
661 2274 701 2319 ⁸².
739 2272 1266 2339 Deqffigieflereslisim‘sntirdrmspremen·

174 2347 182 2375 ⁸
192 2344 243 2395 Ars
255 2345 353 2395 utlusm
363 2345 624 2409 mercennarioque
631 2344 702 2395 effiu·
739 2348 772 2396 tis
780 2363 878 2410 urgues.
903 2347 1003 2410 Sirim
1011 2349 1075 2409 feris
1085 2349 1162 2410 nugis
1172 2349 1266 2408 sueres,

175 2433 236 2483 gere
247 2427 337 2484 posset
346 2435 354 2468 ι
366 2420 502 2470 Pulchrior
512 2421 537 2470 iu
547 2422 624 2471 terris
633 2421 704 2470 nulls
738 2423 850 2485 minues,
858 2423 996 2486 pomus,
1005 2423 1104 2472 Alcide.-
1114 2422 1195 2470 relide
1204 2435 1267 2470 sess·

176 2494 274 2544 tubelle
287 2493 375 2544 foret!
737 2498 814 2560 prime
822 2503 928 2548 nussim
942 2512 1020 2546 mm
1051 2495 1267 2546 senmuru-

206 2577 219 2604 θ
236 2570 370 2620 lerinum
379 2569 493 2634 αὶίᾳιιιι]
504 2570 658 2620 Plutsrchus
669 2571 704 2620 de
737 2574 803 2638 pidia
812 2589 917 2624 mmeece
926 2573 1044 2623 laboribus
1053 2571 1142 2634 Meus,
1152 2571 1267 2620 denonis·

177 2646 503 2710 glorisrhtheupspud.
519 2644 703 2710 ebApollodo·
740 2665 784 2712 pue
794 2651 855 2699 odiis
867 2651 931 2699 disee
948 2650 1090 2708 mtirrueers.
1124 2648 1267 2696 Nencruter

177 2736 205 2770 rs
218 2723 329 2785 pictore,
350 2721 383 2770 de
403 2735 453 2785 quo
465 2721 583 2784 superius
598 2720 705 2782 dictum,
741 2729 765 2772 te
785 2737 883 2786 numque
903 2729 980 2784 mest,
1002 2737 1044 2773 see
1064 2723 1094 2770 ub
1114 2735 1161 2770 ure
1182 2721 1268 2771 uteru

177 2811 277 2846 versum
288 2797 354 2846 hunc
371 2797 453 2859 primo
472 2802 623 2858 usurpatum
640 2796 704 2846 scri·
741 2794 821 2860 Dore,
829 2799 870 2847 sed
879 2799 910 2847 ud
921 2797 1000 2860 reperi
1012 2795 1167 2857 duriuursgis
1177 2796 1233 2844 iter.

177 2871 234 2922 hit:
252 2869 439 2932 monoculus
456 2873 558 2931 μᾶλλον,
577 2869 705 2931 imprim-
773 2871 994 2936 'Deprrhmditer
1005 2871 1118 2920 Exitium
1129 2883 1267 2933 corporum
1346 2869 1350 2874 “

176 2964 225 2997 rus.
259 2947 365 2997 Pacilius
383 2945 433 2996 loe
451 2945 706 3009 armunensem
741 2945 856 2996 membre
876 2944 1000 3004 isciebst,
1022 2958 1099 3008 quern
1125 2950 1155 2992 nt
1176 2943 1267 3007 cepiti-

176 3021 319 3072 isrituhilsr.
352 3021 459 3072 Csrolus
467 3021 531 3072 Dsti
542 3020 635 3070 italice
647 3019 704 3070 red·
742 3020 789 3070 bus
807 3021 972 3084 articulisque
995 3019 1191 3083 responderent.
1223 3017 1268 3067 Sic

173 3095 261 3149 druis:
293 3097 340 3148 Fid
361 3096 400 3145 elsi
426 3094 586 3158 l’r'rrridipirt.
606 3096 648 3146 che
666 3094 705 3144 ehi
742 3109 829 3144 omnes
847 3094 908 3145 libri
924 3095 997 3151 editi,
1007 3109 1065 3144 cum
1082 3095 1146 3156 Reg.
1157 3095 1181 3142 2.
1194 3091 1268 3142 colb.
1314 3111 1316 3116 ·

179 3169 269 3221 l’irslts'.
742 3175 766 3220 8.
783 3170 897 3234 ullisque.
929 3167 1130 3233 ‘Deprehendi’
1146 3168 1195 3217 hoc
1211 3166 1268 3216 loco

209 3247 391 3314 thimifiess]
407 3247 450 3298 Sic
461 3247 522 3297 libri
533 3261 630 3298 omues.
641 3247 704 3297 Piu-
741 3245 810 3294 idem
831 3252 880 3306 est,
903 3258 933 3294 sc
955 3243 1053 3293 videri:
1076 3239 1145 3307 quod
1162 3239 1195 3289 de
1217 3241 1270 3289 Eu·

178 3323 248 3373 tlsno
263 3324 346 3388 megis
362 3325 458 3387 placet.
469 3324 642 3385 Muguisuctrsr
657 3329 706 3374 est:
743 3321 870 3384 phrsuore
890 3318 1013 3370 iuferius:
1030 3317 1099 3367 ‘iiic
1119 3313 1215 3379 primus
1233 3315 1270 3364 sl·

179 3396 252 3447 uobis
262 3397 393 3447 uouitsm.
426 3396 504 3460 Piugi
516 3411 593 3460 porro
602 3397 706 3446 solitum
743 3395 818 3444 detur
829 3395 988 3458 expressisse
999 3392 1139 3456 dignitates
1155 3390 1268 3454 heroum,

178 3471 411 3523 termonesovem
432 3472 507 3521 testis
527 3477 568 3520 est
586 3470 705 3521 Albricns
744 3468 869 3519 ....Sed
899 3467 948 3518 t’ult
979 3467 1147 3516 universitate
1180 3479 1271 3526 corpo·

179 3547 349 3610 Philosophus
367 3547 399 3596 de
415 3546 497 3611 imug.
517 3547 632 3596 Deorum
647 3560 706 3610 esp.
743 3558 798 3593 rum
824 3541 925 3603 exilior,
949 3541 1077 3604 capitibus
1103 3540 1269 3604 articulisque

178 3625 204 3671 2.
215 3622 248 3671 de
259 3621 342 3672 Jove:
360 3621 482 3685 ‘tupiter
499 3623 604 3672 Seturul
620 3619 708 3682 lilius,'
743 3615 882 3681 grandior?
913 3616 953 3664 ne
983 3615 1066 3665 Zerrxi
1095 3613 1269 3666 Quintilianus

179 3695 274 3760 iuquit,
284 3695 343 3745 ‘cui
352 3697 445 3745 eoelum
456 3702 484 3745 et
494 3695 552 3746 coeli
564 3709 670 3759 reguum
681 3696 706 3744 io
744 3704 795 3741 ιιι.
807 3695 847 3740 10.
860 3704 919 3754 paq.
931 3693 990 3739 898.
1006 3690 1088 3740 ‘Nam
1104 3687 1198 3739 Zeuxis
1210 3689 1268 3752 plus

180 3779 276 3822 sortem
294 3771 380 3826 cessit.
398 3769 554 3833 pingebstur
573 3771 599 3818 in
616 3770 707 3819 throno
743 3767 863 3816 membris
881 3765 997 3829 corperis
1017 3764 1100 3825 dedit,
1117 3764 1144 3813 id
1161 3764 1270 3826 emplius

180 3846 305 3905 eburneo,
323 3845 349 3894 iu
366 3857 412 3893 sua
429 3843 570 3907 mejestatis
588 3843 650 3893 sede
668 3858 707 3892 se·
744 3850 822 3906 etque
834 3841 966 3904 uugusdm
978 3847 1065 3889 ratus:
1082 3846 1168 3902 etque,
1180 3845 1210 3887 nt
1226 3851 1272 3888 ex·

179 3921 396 3982 dens‚seeptrum
415 3919 512 3982 reglum
527 3919 553 3967 iu
572 3931 649 3967 mauu
668 3926 707 3968 ts·
744 3918 869 3976 istimsut,
884 3915 1024 3965 Homerum
1036 3924 1149 3977 secutus,
1165 3915 1207 3964 cui
1227 3927 1272 3962 ve·

180 4007 254 4054 nens.
264 3995 365 4043 scillcet
375 3991 498 4055 sinistrs,'
508 3994 557 4042 dre.
689 4004 693 4015 ·
745 3990 866 4040 lidlsslms
877 4001 984 4053 qunque
996 3987 1089 4051 forms,
1099 3990 1176 4038 etism
1188 3990 1214 4037 iu
1222 3987 1270 4036 t'oe·

213 4067 277 4118 sss
298 4065 426 4130 finales]
458 4065 708 4117 rebutsmPtmms
745 4061 945 4127 minis,plscet.'
977 4061 1009 4112 In
1022 4062 1108 4112 Vstic.
1123 4061 1272 4125 reprehendi·

181 4143 353 4199 describitis
373 4141 503 4206 Amphitr.
535 4141 567 4190 Iu
583 4140 706 4190 Authclo-
746 4146 802 4188 rer:
818 4137 888 4201 quod
899 4135 1002 4186 delendi
1017 4141 1104 4199 potest
1120 4137 1194 4186 simili
1214 4149 1273 4186 sen·

181 4219 227 4282 gis
244 4217 334 4268 Grues
349 4231 387 4268 rr.
403 4221 428 4268 θ.
445 4219 549 4282 elegius
565 4221 639 4267 extet
654 4215 709 4279 epi·
747 4213 831 4264 tentis
841 4209 994 4268 Quintiliani
1013 4210 1062 4260 loc.
1081 4210 1127 4260 cit.
1147 4223 1205 4274 pag.
1216 4213 1272 4262 80⁶.

248 4297 367 4361 numu
380 4297 518 4351 mecm.
685 4294 790 4346 uera.
1139 4289 1206 4340 res
