3026 4890
233 361 323 430 4424
372 391 373 394 ¹
595 376 630 424 o.
654 375 773 424 aurun
796 376 960 426 aunuum

237 544 258 590 a
278 521 468 586 Corinthio:
490 507 586 602 longa
615 526 725 584 tamen
740 527 816 584 aute
836 519 1062 602 AEglneticum
1078 527 1181 604 atqua
1208 521 1323 586 Delia·
1431 553 1434 558 ¹

237 643 324 700 cum,
347 641 424 704 quae
440 622 496 686 diu
512 625 681 687 obtinuere
694 623 924 704 principatum.

282 741 332 788 ιν.
356 724 600 807 Antiquissima
615 726 690 788 aeris
711 724 818 805 gloria
835 722 997 789 Deliacol
1020 724 1093 802 fuit,
1108 731 1275 790 mercatus
1289 725 1325 788 in

240 827 328 890 Dolo
341 827 595 890 concelebranta
610 833 680 890 toto
696 828 790 900 orbe,
813 832 847 889 et
868 825 946 889 ideo
970 845 1051 890 cura
1066 825 1209 918 officinie
1224 825 1323 891 tricli-

239 927 368 992 niorum
383 925 524 1008 pudibus
539 926 732 1007 fulcrisque.
770 926 825 990 Ibi
841 927 946 1007 prima
959 928 1117 992 nobilitas
1132 929 1219 993 aeris.
1246 927 1326 991 Per·

240 1027 350 1092 venit¹
374 1027 493 1090 deindo
515 1027 558 1090 ad
581 1027 690 1090 Deum
707 1028 898 1106 simulacra,
919 1027 1126 1111 effigiemque
1146 1029 1326 1105 hominum,

241 1134 274 1194 et
287 1130 424 1193 aliorum
441 1129 643 1192 animalium.

285 1246 320 1294 v.
343 1230 503 1294 Proxima
521 1230 596 1292 laus
621 1227 809 1308 AEginetico
829 1229 902 1294 fuit.
947 1228 1065 1292 Insula
1087 1235 1121 1292 et
1142 1228 1244 1310 ipsa,¹
1268 1233 1350 1294 nec·

244 1348 292 1394 aes
306 1332 452 1411 gignens,
468 1330 527 1394 sad
553 1327 756 1392 officinarum
780 1335 1005 1412 temperatura
1025 1330 1211 1395 nobilitata.
1256 1321 1330 1394 Bos

244 1447 353 1494 aereus
375 1431 451 1494 inde
477 1436 595 1514 captus
620 1430 653 1492 in
675 1427 749 1493 soro
770 1427 903 1494 boarioi
925 1440 976 1494 est
998 1429 1133 1495 Romae.
1175 1431 1254 1495 Hoc
1268 1433 1332 1496 erit

244 1531 413 1614 exemplar
428 1531 608 1611 AEginetici
623 1533 719 1596 rena:
743 1531 876 1596 Deliaci
888 1540 998 1596 autem
1021 1532 1154 1615 Jupiter
1173 1533 1205 1596 in
1228 1531 1331 1615 Capi·

244 1633 328 1697 tolio
344 1635 376 1696 iu
390 1632 413 1696 J
415 1635 488 1697 ovis
502 1633 668 1696 Tonantis
680 1633 763 1698 aede.
808 1632 874 1697 Illo
891 1655 955 1698 aere
968 1633 1086 1717 Myron
1098 1651 1180 1697 usus
1192 1641 1253 1710 ast,
1266 1633 1333 1699 hoo

245 1733 453 1817 Polycletus,
470 1735 619 1816 aequatos
635 1741 735 1817 atque
762 1734 992 1817 condiscipuli.
1013 1777 1015 1781 -
1038 1735 1224 1799 AEmulatio
1241 1735 1284 1799 iis
1299 1739 1334 1799 et

246 1834 280 1897 iu
297 1837 435 1898 materia
450 1835 537 1900 suita

293 1950 343 1996 vr.
364 1933 461 2020 (111.)
482 1937 644 2002 Privatim
668 1938 785 2017 AEgina
807 1937 1078 2002 candelabrorum
1102 1935 1335 2019 superficiem·

249 2036 411 2100 duntaxat
426 2039 620 2117 elaboravit,
645 2041 730 2103 sicut
746 2039 923 2103 Tarentum
950 2035 1095 2122 scapos..J
1136 2037 1176 2101 lu
1190 2039 1242 2102 his
1257 2057 1336 2120 ergo

244 2138 361 2220 juncta
375 2140 619 2204 commendatio
636 2139 841 2204 officinarum
859 2145 919 2204 ast.
963 2139 1038 2202 Nec
1064 2137 1167 2221 pudet
1188 2138 1336 2202 tribuno·

251 2256 323 2301 rum
349 2239 562 2312 militarium²
597 2238 747 2305 salariis*
770 2259 888 2316 amare,
914 2260 991 2306 cum
1018 2241 1127 2324 ipsum
1157 2235 1293 2303 nomeu¹
1312 2259 1339 2304 a

285 2505 353 2556 Cau.
365 2519 406 2556 ιι.
439 2511 453 2556 l
473 2507 532 2556 Vct.
545 2507 636 2559 Doleo.
647 2509 762 2574 mque
773 2512 890 2574 peruenit.

287 2570 354 2620 Car.
366 2583 393 2618 v.
428 2573 439 2617 1
459 2569 539 2620 inan
556 2579 590 2621 ert
608 2575 660 2638 ipru
674 2575 734 2624 Vel.
748 2577 888 2625 Dulce-2
907 2574 949 2624 ltu
966 2588 999 2624 ex
1016 2573 1091 2624 codd.
1111 2574 1239 2624 Hardoin.
1257 2581 1284 2624 et
1300 2589 1343 2625 re.

255 2641 336 2682 oarrtt.
365 2633 415 2682 Hir
436 2639 472 2684 ert
488 2637 625 2699 exemplar.
639 2672 645 2686 .
657 2672 664 2686 .
676 2639 777 2702 Altaque
794 2655 841 2689 oere
852 2675 859 2689 .
871 2672 878 2687 .
891 2674 898 2688 .
910 2673 916 2687 .
930 2639 1058 2690 AEmuintio
1077 2644 1155 2688 ortam
1170 2645 1193 2689 et
1205 2639 1231 2687 in
1241 2639 1343 2688 anterio

248 2697 302 2757 suit
313 2697 426 2748 Gronov.
440 2709 468 2747 et
484 2701 569 2763 vnlgg.
596 2702 695 2766 illoque.
709 2736 717 2750 .
730 2736 736 2751 .
747 2735 754 2754 .
765 2704 861 2767 opuntia
871 2709 941 2766 utque
955 2701 1140 2766 mnnactpatm.
1151 2733 1159 2751 .
1169 2733 1176 2751 .
1187 2703 1252 2763 .sait
1261 2703 1348 2766 priruae

256 2763 309 2816 tim,
320 2763 360 2824 tro.
373 2763 431 2812 cod.
441 2762 533 2814 Dulce.

288 2826 355 2876 Cur.
378 2840 417 2876 vr.
455 2828 548 2878 lVet.
568 2829 660 2880 Dalec.
680 2831 823 2896 rupcmorca
836 2831 984 2891 sociem-2
1005 2831 1065 2881 Vet.
1086 2831 1179 2882 Doleo.
1199 2831 1343 2880 mititem.—

747 2989 858 3043 ΝΟΤΕ

289 3098 302 3132 ¹¹
318 3098 429 3162 Delium]
446 3099 552 3150 Deliaca
571 3113 631 3150 rura
649 3107 677 3150 at
692 3103 781 3152 corin·
820 3103 903 3160 mlier,
914 3104 956 3168 qni
969 3102 1076 3167 pedibu·
1088 3102 1212 3164 merebat,
1225 3103 1344 3166 accipere

260 3173 782 3241 tuinlaudatinprimlrcicero,prosext.
821 3179 911 3228 colitur
929 3186 987 3228 erat
1005 3177 1171 3241 stipendium,
1183 3179 1210 3228 id
1228 3179 1348 3228 centurio

261 3250 340 3300 Rorc.
352 3248 439 3300 Amer-
449 3265 517 3300 uum.
529 3256 584 3302 loa.
822 3254 927 3318 duplum
937 3254 1164 3317 rosaceumque
1174 3255 1277 3318 triplex,
1284 3268 1347 3319 qua·

294 3325 301 3360 ¹
315 3326 408 3385 insero
418 3326 510 3389 Murio]
526 3328 640 3391 Regione
651 3329 729 3380 Urbi·
740 3345 782 3380 oo·
821 3329 939 3394 drupium
951 3331 1088 3393 Tribonur,
1105 3330 1143 3379 uti
1161 3344 1194 3379 ex
1212 3329 1284 3378 Livio
1300 3330 1346 3380 lib.

261 3409 333 3470 tara,
348 3417 380 3452 ex
393 3403 425 3451 P.
436 3402 552 3467 Victore,
568 3405 595 3453 in
612 3405 784 3470 deacriptione
824 3419 912 3456 xxxv.
924 3407 955 3454 de
968 3407 1096 3470 triumpho
1109 3406 1194 3469 Pauli,
1211 3414 1238 3456 et
1249 3421 1281 3456 ex
1292 3406 1347 3470 Ap·

263 3477 341 3526 Urbis
354 3477 451 3528 Roma.
825 3481 901 3544 pineo
911 3481 1042 3545 colligitur
1051 3482 1085 3530 da
1096 3483 1177 3531 Bellis
1189 3481 1246 3532 Cir.
1258 3481 1302 3532 lib.
1314 3495 1348 3533 ιι.

284 3554 785 3618 lScupor]cuudalabrorurntruncomc
825 3561 919 3620 poor.
942 3559 1007 3607 Erat
1017 3565 1102 3608 autam
1117 3558 1212 3622 peditis
1230 3557 1349 3610 diurnum

263 3630 393 3680 ramulorr
411 3631 570 3681 Bruacherde
585 3633 788 3694 lurtratrroucter
825 3632 979 3696 atipcndium
990 3632 1229 3695 doctrinarum
1238 3634 1348 3683 diximus
1382 3687 1385 3694 ,

264 3704 293 3751 de
301 3704 433 3766 giruadole,
444 3706 554 3757 mutim
569 3723 600 3757 oo
609 3709 670 3770 liger
679 3708 786 3774 deflora-
828 3720 932 3758 xxxin.
945 3713 984 3758 lt.
997 3709 1065 3760 uude
1076 3711 1269 3773 computatione
1279 3709 1349 3760 facta

264 3777 330 3827 beru.
361 3777 514 3841 Supcrficier
530 3791 616 3832 autum
632 3786 787 3850 appellatur,
826 3789 949 3847 quantum
966 3781 1213 3835 uaetl'ribrinorum
1230 3785 1350 3835 salarium

264 3853 788 3922 mperioraaplanitier,crrjrrrinmedinm
828 3873 940 3909 aunuum
949 3860 1261 3926 licatoertimar03uempe
1270 3862 1350 3912 deun*

264 3927 381 3981 summan
391 3927 498 3980 candela
509 3932 636 3984 inseritur.
828 3937 894 3986 riuru
903 3939 975 3986 ltdd.
984 3951 1029 3987 eeu
1036 3937 1144 3989 Gallicae
1152 3945 1264 3989 moneta
1272 3939 1350 3989 libra·

299 4006 312 4040 Ι
339 4007 493 4056 mmmm
519 4010 658 4060 militarium
683 4011 790 4076 aaran]
829 4013 1063 4063 rumomuiuosst.

266 4084 343 4134 'l'auti
361 4082 519 4134 caudelabra
534 4099 630 4146 emera,
647 4089 789 4152 ‘qnantum
860 4086 868 4120 ¹
885 4089 945 4138 Cam
959 4089 1140 4154 ι’μιιιιιιιοιιισιι]
1157 4089 1222 4140 Cum
1234 4105 1275 4140 rea
1286 4091 1352 4155 ipra,

268 4158 791 4226 inlegioneTribuniAccipinut‚'utceol·
828 4177 886 4228 quta
908 4164 973 4214 tanti
987 4165 1090 4223 emitur,
1105 4170 1158 4215 tam
1176 4164 1280 4215 allinit
1297 4167 1354 4230 ipra

269 4233 615 4286 ntrtuvenat.su.rn.1ru.
631 4238 713 4290 Porro
722 4241 789 4306 qnod
829 4253 921 4305 perae,
933 4249 962 4292 ut
971 4255 985 4290 ι
993 4241 1107 4292 crudelia
1116 4253 1208 4290 nomen
1220 4242 1342 4307 accipiat.
