3058 4888
265 349 353 418 tate
631 367 663 414 c.
687 365 806 416 earurr
830 365 994 414 secuunr

310 523 462 572 xxxiii.
485 507 674 576 Comitatur
685 531 758 576 eam
771 508 990 576 similitudine
1006 509 1152 592 propior,
1169 521 1360 591 quamacc-

265 613 409 687 loritate,
435 611 582 690 callais,⁸
603 633 623 676 e
648 613 744 678 viridi
770 613 912 696 palleus.
957 611 1117 676 Nascitur
1142 618 1223 692 post
1247 627 1362 672 auersa

266 712 400 792 Indiae:
414 714 505 796 apud
521 714 651 780 incolas
663 715 809 780 Caucasi
823 715 945 780 montis
960 713 1144 797 Pbycaros,
1153 711 1243 793 apud
1254 709 1361 774 Sacas

265 823 299 880 et
314 815 476 894 Dabas‚¹¹²
494 816 710 899 amplitudine
723 818 918 899 conspicua,
939 816 1001 880 sed
1028 813 1179 879 fistulosa
1198 833 1237 878 ao
1255 811 1363 876 sordi·

266 937 321 982 um
337 918 450 1002 plena.
494 917 664 982 Sincerior
675 918 781 982 multo
796 918 1079 1001 praestantiorque
1093 916 1128 978 in
1140 913 1364 978 Carmania.¹⁶

266 1019 451 1102 Utrobique
472 1025 585 1083 autem
606 1020 639 1082 in
665 1020 803 1102 rupibus
827 1019 924 1083 inviis
938 1029 973 1082 et
991 1017 1130 1100 gelidis¹
1154 1015 1243 1080 oculi
1258 1015 1364 1096 figura

266 1122 473 1197 extuberans,
489 1121 674 1203 leviterque
699 1119 882 1196 adhaerens,
902 1139 962 1184 nec
985 1126 1022 1183 ut
1037 1125 1157 1200 agnata
1170 1116 1285 1200 petris,
1302 1114 1364 1180 sed

265 1223 501 1305 utapposita..
529 1222 776 1300 Quamobrem*
797 1220 956 1286 scandere
981 1220 1024 1286 ad
1047 1240 1121 1285 eam
1145 1221 1279 1303 pigritie
1302 1237 1363 1301 pe-

265 1322 342 1388 dum
356 1331 526 1407 equestres
549 1324 694 1408 populos
719 1324 831 1402 taedet,
854 1324 1010 1388 simulet
1035 1321 1220 1404 periculum
1251 1326 1364 1384 terret.

265 1425 353 1506 Ergo
366 1425 507 1490 sundise
523 1425 707 1509 longinquo
720 1427 901 1502 incessunt,
913 1430 949 1488 et
964 1443 1038 1488 cum
1053 1429 1124 1487 toto
1135 1439 1364 1486 muscoexcn·

264 1527 362 1590 tiuut.
407 1527 488 1592 Hoc
504 1527 658 1608 vectigal,
675 1527 737 1590 boe
753 1535 806 1590 est
821 1532 991 1607 gestamen
1007 1527 1040 1590 iu
1052 1524 1185 1592 cervice
1197 1541 1239 1587 ac
1249 1522 1364 1604 digitis

264 1628 514 1709 gratissimum
559 1629 630 1692 Hic
645 1626 788 1704 census,⁶
810 1629 882 1692 baec
895 1627 1038 1708 gloriata
1058 1625 1200 1709 puerilia
1218 1624 1364 1708 dejecto-

264 1747 335 1792 rum
350 1744 519 1792 numerum
534 1729 798 1812 praedicantium,
812 1730 846 1792 iu
858 1747 927 1814 quo
941 1729 1031 1794 varia
1046 1727 1189 1792 fortuna.
1213 1724 1363 1805 Quidam

264 1828 332 1894 icto
348 1830 457 1912 primo
472 1850 589 1914 cepere
603 1831 799 1916 praeclaras,
810 1831 920 1896 'multi
943 1830 1136 1896 insectando
1151 1828 1274 1894 nullas·
1318 1829 1365 1894 Et

263 1936 403 1996 venatus
418 1933 553 2014 quidem
567 1932 720 1998 callaidis
731 1933 820 1996 talis.
851 1931 992 1996 Sectora
1000 1931 1193 2007 formantur,
1205 1931 1290 1994 alias
1299 1930 1364 1994 lra-

264 2032 360 2114 giles.
406 2032 565 2117 Optimus
589 2035 686 2099 color
711 2031 916 2114 smaragdi2⁸
939 2039 976 2095 ut
1004 2039 1113 2096 tamen
1141 2038 1291 2114 apparet,
1317 2051 1362 2096 ex

264 2131 396 2199 alieno‘¹
419 2141 470 2200 est
491 2136 582 2218 quod
598 2135 763 2220 placeant.
808 2133 955 2198 Inclusae
979 2133 1177 2197 decorantur
1192 2151 1286 2211 auro,
1301 2153 1362 2200 au·

296 2303 308 2327 ¹
327 2297 387 2346 Port
399 2297 506 2348 ulamau
518 2299 620 2348 ludium.
749 2299 761 2332 ὃ
779 2299 865 2356 Qualia
874 2297 900 2347 ia
911 2300 1037 2360 ammugdo
1047 2299 1162 2348 emitur.

708 2441 894 2464 ”euoenon

297 2521 365 2571 Car.
376 2533 482 2573 xxxrtr.
518 2525 530 2571 l
551 2523 665 2574 Plu'euroa
674 2541 703 2573 uc
713 2525 819 2575 Ardctua
830 2527 945 2578 Gronov.
957 2533 984 2576 ct
992 2523 1031 2574 al.
1043 2533 1104 2574 ante
1121 2525 1249 2575 Harduiu.
1273 2527 1360 2576 Plrleu·

262 2591 334 2636 roret
346 2587 451 2637 auum
461 2589 521 2637 Vet.
533 2589 675 2638 Dabo-2
693 2590 789 2639 Fuaeu.
806 2592 832 2640 r'a
845 2593 1034 2640 Germania-8
1047 2591 1107 2639 Vct.
1121 2591 1210 2639 Dulce.
1222 2599 1250 2638 et
1262 2591 1361 2640 Fuxau.

262 2655 286 2699 et
301 2651 397 2711 galatia.
430 2653 504 2710 Mox,
516 2657 604 2702 oracta
617 2653 767 2704 Furem—4
784 2655 827 2704 lta
837 2655 911 2704 codd.
924 2656 1051 2704 Harduiui
1065 2664 1091 2702 et
1104 2653 1188 2704 chiffl.
1213 2655 1361 2717 Quapropter

263 2713 379 2764 Gronov.
391 2721 419 2764 et
430 2718 565 2780 anim-5
583 2717 625 2766 Ita
644 2731 676 2766 ex
696 2717 772 2766 codd.
792 2719 939 2768 Harduiuua
960 2727 988 2768 et
1007 2725 1117 2768 receutt.
1138 2719 1225 2781 luraque
1238 2725 1360 2780 geatam

262 2777 349 2828 diuites
358 2779 383 2826 iu
393 2781 483 2831 corice
493 2781 657 2843 grutarium
667 2789 753 2830 munt
766 2782 879 2832 Gronov.
891 2794 918 2832 at
931 2786 1017 2844 rulgg.
1045 2788 1087 2831 boc
1097 2788 1133 2832 ert
1144 2789 1262 2842 gaatcraca
1272 2783 1296 2830 iu
1310 2797 1362 2832 car·

262 2841 313 2954 31·ιῖ
329 2849 352 2892 rt
367 2843 454 2957 ἀῐςίεὗε
468 2846 634 2958 grqtirlrlmaaa
652 2846 728 2896 codd.
740 2848 833 2897 Daleo.
846 2846 928 2896 cutffl.
940 2853 969 2897 et
979 2849 1078 2899 Furem
1090 2854 1222 2911 expuncto
1233 2853 1361 2896 carnut.-

310 2921 413 2958 rcema
450 2915 487 2958 et.
527 2923 592 2958 aco.

758 3024 868 3075 NOTAE

262 3116 317 3164 lore
328 3115 459 3178 videlicet,
476 3118 519 3182 qui
537 3123 629 3181 vergat
640 3119 665 3167 lu
677 3120 789 3169 colorem
830 3121 973 3185 Torqueria
988 3119 1075 3177 fuerit,
1094 3120 1162 3171 baud
1178 3133 1241 3168 rane
1252 3120 1315 3169 ralia
1327 3121 1361 3170 ait

178 3231 183 3242 .
262 3202 377 3240 aureum.
412 3191 532 3256 Denique
540 3191 790 3256 xpucdrpaccmco·
831 3198 1003 3260 exploratum.
1021 3193 1361 3246 ESaurarcanda'l'artariae

261 3267 316 3316 lore
329 3267 397 3329 porri
409 3267 494 3329 uiridi,
506 3283 636 3332 aureoque
648 3271 736 3318 mixto.
831 3271 960 3320 citeriorla
972 3272 1104 3335 provincia
1116 3272 1148 3321 ad
1160 3285 1206 3321 noa
1218 3269 1362 3320 advehitur.

294 3349 304 3376 ¹
322 3340 417 3404 Naxio]
434 3343 510 3392 Naxo
536 3358 550 3391 e
570 3343 649 3393 Creta
669 3345 791 3394 advectae
831 3347 928 3397 cultata
941 3361 1002 3396 vero
1021 3347 1054 3396 ab
1072 3346 1173 3396 isidoro
1189 3346 1305 3396 callaica
1317 3361 1361 3410 ap·

262 3424 336 3468 cotan
349 3417 460 3467 Naxium
478 3418 656 3481 appellabant.
689 3421 790 3470 Plinius
832 3423 945 3486 pellatur
956 3423 1030 3485 Orlg.
1049 3435 1107 3472 xvi.
1119 3425 1143 3470 7.
1160 3432 1188 3471 et
1202 3437 1217 3470 a
1229 3423 1317 3473 Selino
1329 3424 1361 3472 ai-

262 3507 363 3545 xxxvi.
377 3498 416 3544 lt).
429 3502 436 3524 ¹
447 3495 532 3558 Signia
548 3511 563 3542 e
579 3509 705 3545 marmore
726 3497 790 3561 poli·
831 3497 1048 3562 militatarum.
1060 3501 1168 3561 papii.

264 3569 348 3630 endis,
368 3572 527 3636 gemmiaque
546 3571 623 3620 etlam
645 3573 791 3636 scalpendis
865 3573 876 3608 ὓ
892 3577 962 3639 Apud
973 3577 1046 3626 Saura
1056 3581 1077 3624 et
1091 3575 1185 3638 natu]
1205 3576 1245 3623 De
1256 3575 1295 3624 lria
1307 3577 1362 3639 egi-

263 3653 342 3709 atqne
354 3646 483 3709 limandis,
500 3649 612 3696 Naxium
632 3649 676 3698 diu
694 3649 793 3713 placuit
832 3665 887 3700 mua
905 3653 971 3701 libro
991 3659 1073 3702 arato.
1107 3651 1175 3700 Vidn
1193 3651 1278 3701 Notaa
1290 3659 1317 3702 et
1328 3653 1361 3701 E·

262 3729 323 3772 ante
336 3721 404 3770 alia:
428 3722 465 3770 lta
481 3732 608 3771 vocantur
618 3733 691 3775 cotea
704 3729 728 3775 in
742 3728 793 3790 Cy·
832 3725 917 3776 mend.
931 3743 1001 3777 uum.
1013 3733 1053 3776 1⁵.

261 3813 311 3862 pro
329 3797 410 3846 tuuuta
428 3798 539 3860 genita?
574 3801 651 3850 Nune
666 3803 746 3864 igitur
759 3802 792 3851 ad
864 3810 875 3837 ⁰
892 3803 922 3852 lu
936 3806 1076 3869 Carmeia]
1093 3793 1161 3855 Vide
1178 3805 1262 3856 Notaa
1280 3811 1307 3856 at
1324 3805 1360 3856 E·

262 3889 376 3939 garumna
387 3874 512 3924 ttuaudaa
524 3884 551 3923 et
562 3884 634 3924 cetea
646 3877 757 3941 Naxlaa,
765 3886 793 3928 et
832 3879 917 3928 mend.
928 3893 998 3930 uum.
1012 3885 1051 3930 to.

264 3952 327 4001 aliaa
338 3949 465 4001 inferiori·
477 3959 546 4000 uota
558 3951 677 4002 advocat.
864 3952 875 3986 *¹
893 3955 934 4002 Ex
951 3955 1038 4019 abeno]
1062 3955 1100 4006 Ex
1113 3955 1240 4005 accercito
1258 3956 1361 4006 niterer

294 4023 425 4088 ⁸ccl1or'a]
451 4025 613 4075 murenulam
641 4027 707 4076 lrauc
735 4041 792 4077 crae
832 4041 925 4095 nempe
935 4045 969 4081 ex
981 4046 1043 4082 auro
1054 4046 1105 4098 quo
1117 4029 1223 4083 iuclus'ae
1235 4031 1363 4083 decorau-

263 4102 328 4157 falso
339 4103 442 4166 qnidam
457 4107 599 4159 autumant,
611 4103 634 4151 lu
647 4103 793 4168 'lbi-quoire:
835 4111 887 4155 lar.

266 4191 324 4227 cum
347 4191 379 4226 au
408 4178 538 4228 veteribus
561 4178 663 4242 cognita
690 4181 794 4229 omuino
