3128 4892
285 366 372 434 4578
652 379 827 428 orroruu
850 377 1016 432 snouunr

286 526 320 590 in
347 519 523 605 capitibus,
551 519 786 603 articulisque:
819 521 946 604 alioqui
980 523 1090 586 tantus
1118 519 1300 602 diligentia,
1334 528 1374 589 ut

287 619 554 704 Agrigentinie⁸⁵
575 621 724 686 tacturus
745 621 903 698 tabulam,
917 641 1018 705 qnam
1032 621 1066 684 in
1081 621 1207 704 templo
1229 621 1374 688 Junonis

288 721 437 790 Laciniae
451 722 585 805 publice
599 722 759 800 dicarent,
773 723 955 805 inspexerit
966 724 1110 804 virgines
1124 742 1237 786 eornm
1252 723 1374 800 nudos,

287 829 324 886 et
337 824 482 905 quinque
495 822 641 904 elegerit,
655 827 692 886 ut
706 822 794 905 quod
811 823 845 884 in
861 843 995 905 quaque
1009 822 1276 888 laudatissimum
1289 829 1376 887 esset

287 923 419 1006 pictura
434 923 597 988 redderet.
640 921 757 985 Pinxit
772 929 808 986 et
823 920 1112 986 monochromata*
1132 939 1178 984 ex
1193 922 1281 986 albo.

329 1023 402 1105 (x.)
424 1023 589 1106 Quales
615 1020 686 1104 ejus
711 1029 747 1085 et
767 1023 880 1088 aemuli
893 1023 986 1087 fuere
1000 1021 1222 1099 Timanthes*
1243 1021 1376 1088 Andro-

287 1123 399 1205 cydes,
414 1123 624 1206 Eupompus,
644 1122 853 1188 Parrhasius.
897 1122 1124 1188 Descendisse
1144 1121 1198 1186 hic
1216 1123 1250 1186 io
1268 1129 1377 1188 certe·

288 1241 364 1284 men
388 1243 464 1286 cum
487 1221 639 1290 Zeuxide
660 1222 815 1286 traditur.
859 1221 903 1286 Et
926 1241 1004 1285 cnm
1027 1221 1084 1284 ille
1097 1219 1272 1285 detulisset
1290 1240 1375 1286 ures

288 1322 397 1404 pictus
413 1328 505 1385 tanto
520 1338 694 1399 successu,
715 1329 755 1385 ut
777 1324 811 1386 in
835 1339 968 1385 scenam
985 1341 1065 1384 aves
1081 1319 1286 1402 advolarent,
1301 1322 1376 1404 ipse

289 1421 449 1485 detulisse
478 1422 620 1486 linteum
649 1423 791 1504 pictum,
819 1422 867 1486 ite
893 1421 1030 1485 veritato
1058 1428 1310 1501 repraesentata,
1339 1428 1377 1485 ot

290 1521 429 1599 Zeuxis,
452 1521 571 1586 alitum
590 1521 719 1604 jndicio
744 1531 881 1598 tumens,
905 1522 1071 1604 flagitaret
1094 1521 1225 1584 tandem
1249 1529 1375 1585 remoto

288 1621 388 1702 linteo
404 1622 534 1686 ostendi
550 1622 726 1704 picturum,
740 1630 839 1704 atque
860 1622 1031 1687 intellecto
1054 1638 1162 1684 errore
1177 1622 1377 1686 concederet

288 1723 436 1804 palmam
458 1722 600 1802 ingenuo
621 1723 754 1805 pudore,
769 1723 924 1805 quoniam
945 1723 1020 1806 ipse
1041 1721 1218 1787 volucres⁹
1239 1719 1376 1785 fefellis-

289 1827 352 1898 set,
369 1819 567 1885 Parrhasius
583 1830 693 1885 autem
710 1841 748 1886 se
764 1823 933 1887 artificem.
1308 1843 1323 1888 .·

290 1985 293 1993 ,
333 1920 452 1986 Fertur
470 1929 505 1986 et
526 1928 671 2006 postea*
695 1923 822 1988 Zeuxis
844 1923 993 2006 pinxisse
1014 1941 1152 2004 puerum
1172 1941 1256 1986 uvas
1275 1922 1378 1986 feren·

288 2029 366 2096 tero,
382 2020 521 2103 adquae
536 2041 610 2086 oum
625 2022 817 2088 advolasset
831 2025 945 2100 oris,¹⁰
959 2023 1072 2088 eudem
1086 2023 1287 2104 ingenuitate
1300 2041 1378 2103 pro·

288 2122 393 2186 cessit
415 2123 520 2185 iratus
543 2123 647 2204 operi,
674 2129 709 2186 et
729 2122 837 2188 dixit:
862 2113 979 2187 ‘Urna
1004 2123 1122 2186 melius
1148 2122 1253 2204 pinxi,
1276 2141 1377 2205 quarn

283 2234 445 2301 puerum:
467 2240 543 2284 nem
567 2222 596 2284 si
619 2227 652 2285 et
674 2223 736 2286 hoc
749 2230 773 2260 ¹¹
797 2241 1089 2299 consummassem,
1105 2223 1179 2286 avis
1192 2224 1303 2288 timere
1317 2222 1377 2286 de·

745 2377 923 2401 conmenta

290 2491 374 2552 enlm.
406 2493 486 2554 Lego,
497 2490 706 2554 Repreteaouar,'
721 2495 762 2554 ec.
776 2492 917 2543 Dulce-8
934 2494 975 2544 Ita
988 2494 1103 2544 Gronov.
1115 2500 1143 2543 et
1154 2494 1187 2542 el.
1198 2498 1265 2542 vett.
1293 2491 1376 2555 Agro-

287 2556 394 2616 guutinir
413 2552 540 2604 llnrdniu.
559 2559 583 2604 1.
599 2560 623 2604 2.
639 2560 663 2604 1.
681 2555 777 2606 Miller.
797 2558 827 2608 Bi
848 2564 903 2606 ont.
920 2565 947 2606 et
966 2559 1105 2608 Frons-9
1122 2556 1186 2606 Cod.
1208 2557 1296 2606 Drlec.
1313 2573 1376 2608 roeo

289 2621 363 2680 Mox,
372 2618 489 2668 Perusiae
498 2619 613 2671 Gronov.
624 2627 652 2668 et
661 2621 814 2683 origg-ro
830 2571 876 2669 ita
887 2621 963 2670 codd.
973 2622 1101 2671 flandrini
1113 2618 1302 2670 sichimorum
1316 2620 1377 2670 edd.

291 2681 417 2732 Haeduis.
436 2685 500 2732 1.2.
518 2687 543 2730 1.
560 2691 588 2732 et
599 2691 711 2734 recentt.
741 2685 884 2735 advolarunt
902 2700 957 2734 coer
976 2685 1091 2734 Gronov.
1104 2692 1132 2733 et
1143 2685 1293 2747 origg-11
1311 2683 1377 2733 Cod.

291 2745 381 2795 Doleo.
398 2745 467 2794 tuac.
500 2747 573 2810 Mox,
589 2761 644 2796 coes
660 2748 742 2797 timere
761 2747 887 2800 odorant
906 2749 1020 2798 Gronov.
1037 2757 1065 2798 et
1081 2747 1114 2798 nl.
1133 2757 1194 2798 ante
1212 2746 1370 2796 Heronio.-

778 2889 888 2941 NOTAE

290 2985 332 3034 obi
351 2982 383 3032 de
400 2983 548 3034 statuariis:
575 2984 760 3049 ‘Demetrinr,’
777 2985 815 3034 in·
855 2985 960 3036 rebelles
976 2987 1098 3050 simplicia
1113 2987 1215 3038 coloris.
1249 2983 1321 3036 iloto
1338 2985 1377 3048 ip-

289 3057 354 3121 qoit,
371 3056 591 3120 ‘reprehenditur,
609 3066 730 3124 tanquam
742 3059 768 3108 in
784 3074 815 3109 rr
852 3073 907 3108 ιιιιιι
928 3061 954 3109 ln
977 3062 1078 3112 tabulis
1103 3063 1210 3112 cretatis
1235 3060 1378 3124 pingebant

289 3130 459 3192 nirniue,'&c.
854 3132 941 3192 rubro,
958 3137 1087 3199 expressis
1104 3135 1209 3185 umbrie.
1241 3135 1377 3184 illeintr·

319 3213 328 3237 ¹
348 3205 382 3253 Ut
396 3205 575 3269 Agrigentinis]
592 3205 643 3257 Qui
654 3206 766 3256 tabulam
776 3205 815 3256 sa·
853 3208 926 3258 bellis
937 3209 1016 3272 nigri·
1030 3210 1114 3272 pinxit
1128 3210 1196 3272 elbo,
1207 3222 1329 3272 expresso
1339 3210 1377 3258 lu·

288 3277 405 3328 ciendam
427 3279 552 3342 locarant,
573 3294 648 3344 quern
668 3282 693 3328 io
719 3282 813 3346 templo
852 3283 929 3350 mirre,
944 3283 1012 3347 qood
1029 3290 1086 3333 erat
1105 3283 1243 3333 difficilius.
1278 3282 1377 3332 Aristo·

288 3352 396 3404 Jnnonir
407 3351 532 3414 Laciniae,
545 3354 612 3415 quod
630 3367 711 3416 prope
722 3354 812 3405 Croto-
853 3357 900 3406 teli
910 3359 1083 3422 λευκογριιφιΐν
1093 3358 1196 3408 ridetur
1207 3357 1233 3406 id
1244 3354 1376 3408 Soheffero

236 3423 239 3434 '
288 3440 346 3476 nem
357 3427 382 3474 in
395 3424 540 3489 Italirsntt,
549 3441 582 3477 ex
594 3433 652 3476 voto
661 3426 729 3478 lacto
741 3427 811 3478 dedi·
851 3431 950 3482 dictum
961 3432 994 3482 de
1005 3439 1062 3482 arte
1074 3431 1205 3496 pingendi,
1222 3447 1248 3496 p.
1264 3436 1305 3485 Π.
1324 3432 1376 3482 otri

288 3506 387 3566 carent.
418 3500 506 3550 Simile
526 3501 647 3551 Zeuxidir
664 3500 760 3551 factum
771 3516 810 3552 re·
851 3505 887 3556 ibi
903 3508 1059 3571 interpreter
1071 3509 1211 3570 explicent,
1225 3506 1375 3560 ‘delineare

287 3575 340 3625 fert
354 3583 381 3625 et
396 3574 489 3624 Cicero
504 3575 698 3628 dolerenam
713 3581 735 3626 1.
753 3591 811 3627 cunr
850 3581 943 3631 cretm'

288 3653 383 3702 vellent
394 3653 554 3710 Crotoniates
567 3654 690 3720 ternplum
701 3652 762 3704 illud
773 3655 812 3718 ipe
884 3663 896 3689 ⁸
908 3655 1054 3718 limatior]
1064 3655 1245 3706 Delimrntlre
1257 3655 1375 3706 inferior.

288 3741 343 3776 auru
360 3727 469 3778 lunonis
487 3730 596 3791 egregiis
618 3730 725 3792 pictoris
742 3730 813 3792 ipon-
852 3732 893 3782 De
911 3731 1076 3795 Androcyde,
1098 3730 1239 3782 Athenaeus
1257 3733 1302 3784 lib.
1313 3745 1375 3783 ιιιι.

289 3802 403 3864 pletare:
414 3809 491 3865 atque
501 3804 579 3852 itaer
588 3805 691 3854 selectis
700 3805 813 3871 quinque
851 3821 878 3870 p.
886 3810 942 3858 tlt.
954 3807 997 3871 qni
1009 3821 1067 3856 eum
1076 3808 1103 3856 in
1116 3805 1250 3870 pingendis
1261 3805 1375 3870 piscibus

288 3874 427 3937 virginibus
439 3875 565 3926 Helenam
580 3877 684 3929 tinxisse
703 3889 757 3930 tnru
774 3881 810 3930 di·
851 3879 931 3930 iniere
949 3882 1070 3931 eximium
1089 3882 1135 3931 ait.
1178 3881 1221 3930 Do
1239 3881 1374 3945 mponpo

287 3951 366 4000 citor,
399 3951 541 4002 errrnnam
563 3951 739 4016 Agrigentinis
757 3955 810 4020 pic·
851 3964 878 4005 et
890 3957 1028 4005 Parrhasio
1041 3955 1116 4006 infra.

289 4034 371 4075 ruram
389 4025 555 4088 expresserit,
567 4041 617 4075 non
629 4034 739 4078 constat.
773 4029 812 4078 De
882 4038 893 4062 ¹
906 4031 993 4082 Fertur
1003 4035 1027 4080 rt
1042 4031 1133 4094 posteo]
1145 4029 1241 4080 Confer
1251 4031 1302 4080 irtr
1312 4045 1371 4080 cnor

287 4101 611 4164 JunonirLaciniuarr,rr.
621 4106 678 4152 111.
852 4104 882 4154 iis
900 4119 955 4168 quoa
972 4105 1071 4154 Seneca
1088 4113 1163 4168 peter
1174 4106 1207 4155 de
1218 4107 1264 4158 irre
1275 4108 1330 4170 ipra
1342 4121 1371 4155 re

321 4181 328 4208 ¹
346 4177 433 4226 Pinxit
442 4182 465 4228 et
476 4178 672 4242 monochromata]
690 4175 750 4227 Hoc
762 4186 812 4242 est,
851 4177 963 4230 offertio
975 4179 1096 4232 Contror.
1108 4192 1133 4227 r.
1146 4183 1187 4228 tt.
